2642 4242
601 149 758 205 „6-

120 328 165 391 ad
189 327 415 392 artificiosum
427 327 577 391 Metonis
602 336 637 391 et
660 327 810 408 Callippi
832 328 1035 391 restituerat
1059 345 1250 391 canonem

120 445 169 507 ita
192 451 310 508 autem
333 444 557 524 respondisse
581 462 722 507 menses
746 445 926 507 mensibus
948 452 1065 523 putat:

226 559 513 622 Hecatombaeon
640 621 645 632 ,
707 560 803 623 Lous

226 675 479 756 Metageitnion
708 675 905 756 Gorpiaeus

226 791 460 855 Boedrornion
707 792 1017 872 Hyperberetaeus

226 907 450 988 Pyanepsion
708 908 798 971 Dius

226 1023 491 1087 Maimacterion
707 1024 899 1104 Apellaeus

226 1138 423 1202 Poseideon
706 1140 925 1220 Audynaeus

227 1253 411 1318 Gamelion
707 1256 858 1319 Peritius

227 1369 480 1434 Anthesterion
708 1371 864 1451 Dystrus

227 1487 481 1567 Elaphebolion
588 1557 590 1560 ,
708 1488 906 1552 Xanthicus

228 1585 466 1682 Munychion¹
655 1664 657 1669 ,
708 1604 920 1667 Artemisius

228 1719 443 1799 Thargelion
709 1720 861 1783 Daesius

228 1833 477 1914 Scirophorion
708 1836 892 1898 Panemus

228 1950 305 2012 Hoc
329 1968 503 2013 consensu
527 1951 691 2014 inductus
702 1951 944 2014 Alexandrum
956 1951 1125 2031 Magnum
1148 1950 1241 2013 diem

122 2083 325 2146 supremum
354 2067 483 2130 obiisse
506 2066 578 2130 Iun.
609 2068 644 2130 ll
672 2069 730 2130 vel
757 2068 796 2130 13
820 2068 901 2130 anni
925 2067 990 2130 323
1014 2066 1237 2147 computavit.

122 2181 214 2244 diem
229 2183 383 2246 natalem
401 2184 618 2247 accuratiore
635 2185 840 2264 quaestione
857 2184 1002 2263 dignum
1017 2201 1088 2246 non
1108 2183 1238 2245 habuit.

229 2297 319 2360 Tota
343 2308 460 2362 autem
472 2299 598 2363 Ideleri
622 2301 810 2380 disputatio
834 2319 876 2362 eo
899 2299 1132 2362 labefactatur
1148 2299 1240 2380 quod

122 2423 244 2477 nostra
267 2424 382 2479 aetate
394 2415 544 2480 Metonis
568 2418 627 2479 illa
651 2427 686 2479 et
699 2416 848 2497 Callippi
863 2425 1125 2497 parapegmata‚
1151 2433 1240 2496 quae

122 2531 274 2594 restituit
297 2530 462 2612 Ideleru5‚
487 2533 532 2596 ad
556 2550 686 2596 annum
710 2534 850 2596 civilem
871 2532 1140 2596 Atheniensium
1164 2550 1241 2594 con-

122 2647 343 2710 formandum
370 2649 581 2728 pertinuisse
610 2649 751 2712 minime
776 2645 922 2712 constat.
969 2667 1036 2712 nec
1060 2649 1174 2728 magis
1198 2648 1241 2709 de

122 2763 428 2826 Macedonicorum
464 2765 635 2828 fastorum
669 2776 796 2828 natura
831 2765 918 2828 certi
956 2765 1147 2845 quidquam
1185 2782 1241 2826 ex-

122 2880 297 2959 ploratum
335 2889 404 2962 est;
441 2898 509 2961 qua
540 2882 631 2944 enim
660 2882 796 2944 ratione
825 2883 880 2945 usi
909 2882 978 2944 sint
1001 2880 1241 2959 intercalandi,

123 2995 296 3075 quomodo
331 3014 472 3059 menses
496 2996 541 3058 ad
573 2998 677 3059 lunae
710 2997 865 3078 solisque
898 3015 1023 3060 cursus
1046 2997 1242 3060 Alexandri

122 3111 338 3191 temporibus
365 3112 568 3192 redegerint
594 3114 698 3193 plane
724 3114 938 3193 ignoramus,
969 3130 1165 3193 quaecum
1193 3113 1242 3175 ita

123 3227 201 3307 sint,
225 3227 261 3290 in
285 3227 547 3307 ephemeridum
562 3229 742 3310 regiarum
752 3229 1016 3310 Aristobulique
1033 3230 1241 3292 auctoritate

122 3362 192 3407 non
216 3343 510 3424 acquiescendum
534 3345 596 3407 sed
619 3363 738 3408 rerum
761 3355 942 3426 gestarum
965 3363 1055 3426 quae
1077 3345 1243 3408 exhibent

123 3459 312 3540 scriptores
336 3459 536 3522 testimonia
559 3461 690 3523 auxilio
714 3462 876 3524 vocanda
899 3479 978 3523 esse
1003 3470 1158 3541 apparet.

228 3574 436 3655 Droysenus
460 3593 545 3639 vero
568 3577 611 3639 iis
628 3594 718 3657 quae
735 3577 778 3640 de
794 3576 989 3640 Alexandri
1005 3577 1061 3639 die
1077 3593 1242 3657 supremo

123 3690 251 3754 tradita
274 3700 355 3754 sunt
380 3693 535 3756 collectis
560 3693 806 3757 dissertatione
826 3692 912 3774 „Die
925 3692 1161 3777 Chronologie
1179 3693 1242 3756 des

122 3805 239 3868 Todes
262 3807 504 3872 Alexanders“
531 3809 731 3890 inscripta1)
760 3809 805 3872 ad
834 3809 939 3872 finem
972 3826 1043 3871 non
1077 3807 1243 3889 perduxit

124 3967 336 3978 -—--—·—--——--

232 4063 257 4125 1)
277 4064 371 4116 Gesch.
391 4067 466 4117 Alex.
486 4069 532 4115 des
552 4069 596 4117 Gr.
615 4067 642 4114 11
661 4064 810 4118 343-352.
