2642 4242
489 282 760 356 *Arg-

114 457 178 533 Sed
212 489 283 532 cum
307 465 468 532 Arriamrs
502 468 562 532 hac
585 470 617 531 in
639 477 732 551 parte
755 469 951 532 narrationis
976 490 1039 532 uuo
1065 491 1102 532 ex
1127 464 1192 532 du-

113 576 193 640 obus
217 575 368 656 lontibus,
403 597 483 657 quos
517 576 690 660 praecipue
715 577 890 660 exscripsit,
908 583 1071 657 uteretur,
1096 577 1190 657 equi-

114 683 184 746 dem
218 683 342 762 habe0,
377 682 463 763 quod
496 682 600 746 dicam
634 681 858 748 Ptolemaeum
891 691 924 747 et
956 682 1189 747 Aristobulum

113 791 289 871 generatim
329 791 523 871 congruisse.
580 788 712 853 Curtius
747 800 872 872 autem,
909 797 945 855 ut
977 791 1074 874 paulo
1107 798 1188 855 ante

113 897 409 976 demonstravimus,
436 917 474 960 ex
491 895 680 960 Ptolemaeo
706 919 770 960 non
794 897 912 969 hausit,
953 899 1071 980 Itaque
1095 899 1187 981 apud

112 1003 285 1068 Arrianum
320 1003 372 1067 hic
397 1004 617 1068 Ptolemaeum
651 1004 772 1068 sontem
801 1028 870 1069 esse
892 1006 984 1070 nobis
1009 1027 1067 1090 pro
1092 1013 1185 1070 certo

112 1110 293 1175 habendum
328 1118 390 1191 est,
434 1111 459 1172 si
494 1111 711 1198 narrationem
743 1112 849 1178 Curtii
882 1112 925 1176 ad
955 1112 1184 1178 Aristobulum

111 1240 307 1288 remeamus,

200 1326 353 1407 Sequitur
388 1325 478 1389 Curt.
512 1325 571 1392 IV.
605 1329 636 1407 1,
671 1330 799 1390 lom-17
832 1334 863 1390 et
889 1327 966 1391 Arr.
991 1328 1039 1396 H.
1065 1332 1115 1408 24,
1149 1332 1182 1396 4.

110 1433 174 1497 Hic
207 1435 289 1495 enim
311 1439 435 1496 narrat
464 1433 495 1495 in
521 1434 738 1515 oppugnanda
764 1434 841 1497 urbe
868 1435 955 1499 VIII
978 1436 1067 1499 nulia
1090 1434 1183 1517 Tyri-

110 1561 201 1604 orum
217 1539 402 1603 iaterfectos
420 1561 503 1618 esse,
528 1539 694 1602 Diodorus
711 1549 819 1603 autem
839 1543 867 1605 V
868 1541 906 1605 ll
923 1543 1026 1620 milia,
1050 1541 1182 1607 Curtius

109 1648 158 1712 his
182 1647 286 1712 verbis
311 1649 431 1719 utitur:
465 1669 542 1729 „sex
574 1647 661 1710 milia
686 1654 884 1745 :mitratorum
908 1649 1073 1713 trucidata
1096 1657 1181 1730 suut,

109 1755 172 1820 dno
208 1756 304 1837 milia,
336 1756 369 1818 in
403 1755 516 1836 quibus
550 1754 733 1818 occidendis
759 1753 1077 1837 delece1·at'rabie8‚
1111 1776 1182 1818 oru-

109 1863 198 1928 eibus
242 1862 332 1927 affixi
375 1885 432 1945 per
472 1863 583 1943 ingens
616 1862 719 1926 litoris
753 1862 892 1945 spatium
925 1862 1181 1946 pepende1·uut,“

109 1970 274 2035 Diodorus
308 1977 416 2033 autem
451 1969 501 2032 his
533 1969 598 2054 (46,
633 1970 664 2054 3)
676 1993 701 2034 :a
719 1970 797 2046 code
830 1975 865 2038 (11
899 1976 995 2045 ’νέους
1023 1967 1181 2051 ἅπαντας,

108 2075 207 2153 ὄντας
249 2075 308 2144 miz
340 2077 498 2152 ἐλάττους
530 2084 599 2144 coir
632 2084 815 2162 δισχιλίων,
859 2065 1025 2164 aziriacus.
1082 2074 1181 2158 Quod

108 2185 239 2250 Curtius
263 2184 303 2247 de
327 2185 388 2248 hac
412 2207 446 2248 re
471 2186 643 2248 memoriae
667 2185 813 2266 tradidit,
838 2186 899 2248 nisi
922 2185 1028 2267 fallor,
1053 2205 1089 2248 re
1104 2203 1183 2247 vera

109 2292 155 2355 ita
179 2312 212 2354 se
235 2291 357 2361 habuit,
397 2294 540 2356 Iustirms
566 2293 647 2355 enim
666 2293 820 2377 (XVIII,
846 2298 874 2374 3,
902 2295 942 2357 18
958 2293 1045 2356 idem
1060 2291 1180 2361 refert:

108 2400 237 2482 „itaque
269 2399 456 2465 Alexander
487 2399 638 2482 Magnus,
675 2422 748 2464 oum
781 2401 948 2464 interiecto
977 2407 1124 2482 tempore
1145 2399 1180 2462 in

107 2506 239 2572 Oriente
274 2507 392 2572 bellum
427 2516 555 2591 gereret
588 2509 674 2573 velut
708 2509 793 2572 ultor
827 2507 974 2592 publicae
998 2507 1178 2570 securitatis

106 2623 289 2700 expugnata
323 2639 432 2682 eorum
456 2617 535 2681 urbe
560 2639 680 2699 emneS,
716 2617 769 2697 qni
793 2615 916 2698 proelio
941 2614 1177 2698 superfuerant,

107 2723 146 2788 ob
172 2725 358 2788 memoriam
382 2726 496 2788 veteris
521 2725 627 2788 caedis
645 2723 792 2788 crucibus
825 2722 970 2786 adfixit.“
1011 2722 1062 2785 De
1078 2720 1178 2786 caede

105 2831 143 2895 Π
176 2833 297 2909 milium
329 2832 519 2916 Tyriorum,
561 2855 657 2914 quam
691 2838 908 2914 congruenter
944 2828 1111 2893 Diodorus
1145 2835 1178 2893 et

105 2939 235 3004 Curtius
271 2947 417 3021 narrant,
451 2939 539 3003 nullo
572 2939 669 3004 uredo
704 2936 917 3002 dubitandum
948 2943 1014 3018 est,
1054 2937 1178 3001 etiamsi

105 3047 265 3112 Arrianus
299 3049 392 3112 lmius
425 3048 471 3111 rei
503 3048 697 3111 mentionem
727 3067 789 3110 non
815 3046 900 3110 lecit.
952 3043 1055 3127 Quem
1079 3045 1177 3128 scrip·

105 3167 207 3220 torem
241 3157 273 3219 id
306 3157 472 3222 consilium
505 3155 664 3237 habuisse,
700 3163 736 3219 ut
766 3177 827 3236 res,
863 3177 944 3236 quae
977 3153 1100 3234 aliquid
1135 3153 1177 3218 de

105 3264 339 3330 existimatione
371 3261 551 3326 Alexandri
585 3262 671 3347 apud
704 3268 851 3345 posteros
886 3261 1083 3344 deperdant,
1125 3261 1176 3324 vel

104 3378 211 3436 taceat
234 3373 284 3436 vel
308 3379 411 3436 mutet
434 3372 516 3435 inter
540 3391 648 3435 omnes
675 3375 811 3434 constat.
857 3369 969 3432 Etiam
993 3369 1060 3432 fato
1089 3368 1176 3432 tristi

107 3478 144 3541 H
169 3479 290 3543 milium
307 3479 476 3563 Tyriorum
495 3477 655 3543 Arrianus
679 3478 893 3542 velamentum
910 3478 1075 3560 quaesivit,
1099 3499 1175 3540 nam

105 3588 194 3656 'Vm
218 3589 306 3654 milia
330 3589 509 3672 Tyriorum,
536 3610 618 3670 quae
641 3588 695 3650 ille
722 3587 808 3668 dicit,
834 3587 901 3650 sine
918 3586 1015 3650 dubio
1032 3585 1070 3649 II
1086 3585 1177 3652 milia

104 3696 249 3760 crucibus
295 3696 464 3760 affixarum
507 3695 792 3779 comprehendunt.
853 3695 955 3778 Apud
994 3694 1175 3759 Arriauum

105 3805 231 3888 saepius
256 3805 433 3868 invenimus
451 3827 522 3868 eum
539 3825 688 3868 nummos
705 3804 736 3867 in
755 3803 826 3867 aliis
844 3804 985 3867 lontibus
1003 3811 1174 3891 separatos

107 3911 292 3998 simpliciter
310 3912 507 3979 contraxisse
524 3919 556 3977 et
573 3933 636 3981 non
653 3933 728 3978 raro
745 3911 948 3993 rotundasse,
967 3912 1031 3976 sire
1048 3917 1174 3978 certum
