2642 4242
237 85 249 122 χ
299 127 301 134 .

9 151 17 194 t

9 343 39 388 er
47 317 235 388 claudicare
252 317 422 399 verissime
434 315 472 386 M
485 316 624 402 eierns
639 319 813 412 mactavit,
832 317 1080 412 quntudqae·

9 449 56 490 ue
86 424 159 494 iure
180 424 339 509 miratur,
354 421 443 516 quod
463 417 625 492 Anabasis
645 423 905 516 Xenophonteae
925 439 957 492 et
977 424 1069 496 One·

9 523 98 590 icriti
118 525 161 591 de
182 519 364 592 Alexandri
389 523 597 617 expeditione
621 526 931 608 ,commentariorum
954 527 1070 596 simili-
1152 529 1159 543 ‘

9 625 76 692 udo
98 623 258 696 hocloco
285 626 326 694 sit
352 626 595 718 praetermissa,
623 626 757 718 eiusque
784 627 835 694 rei
856 628 1071 717 verisimilem

9 752 128 795 ausam
149 731 231 796 hauc
251 727 377 820 posuit,
398 728 489 818 qnod
509 728 691 796 Alexandri
712 743 744 796 et
772 728 921 798 educatio
951 745 984 796 et
1010 755 1072 798 ex·
1147 730 1150 739 ’

12 830 123 899 editio
150 846 182 897 et
208 830 351 902 laudatio
381 830 499 912 eodem
527 855 629 922 opere
661 829 782 915 fuerint
809 834 1072 922 comprehensae.
1116 888 1120 901 ,

9 931 176 1000 lnesicriti
195 931 283 1000 enim
304 957 386 1024 opus
409 931 451 1012 de
472 932 654 1000 Alexandri
667 935 764 1000 rebus
777 934 996 1026 conscriptum
1009 959 1073 1026 per

9 1035 116 1101 rultos
132 1035 234 1104 libros
255 1034 355 1102 luisse
377 1034 548 1126 digestum,
570 1033 668 1102 etiam
687 1034 765 1101 inde
786 1033 959 1124 colligitur,
980 1033 1073 1124 qnod

9 1136 107 1199 abula
124 1134 173 1232 de,
192 1135 401 1204 Amazonum
420 1135 534 1227 regina
563 1151 678 1228 quarto
707 1135 839 1204 demum
865 1137 952 1208 libro
979 1140 1075 1228 Iege·

10 1252 101 1305 atur.
148 1227 281 1330 Optime
302 1253 409 1309 autem
435 1263 571 1330 magnus
598 1240 700 1307 huius
721 1241 832 1330 operis
865 1243 1003 1309 ambitus
1029 1265 1074 1308 ex
1155 1291 1161 1304 ,

9 1367 66 1434 psa
91 1339 272 1432 argumenti
293 1341 387 1432 copia
409 1355 441 1408 et
460 1341 615 1408 varietate
629 1341 798 1410 evincitur.
818 1343 965 1433 Namque
975 1365 1073 1434 prae-

9 1469 41 1510 er
63 1469 176 1512 rernm
199 1458 362 1536 gestarum
381 1442 672 1534 et'expeditiontim
681 1444 849 1512 historiam
868 1471 974 1536 neque
990 1473 1075 1538 quae

9 1546 154 1618 »rivatim
189 1548 230 1613 ab
246 1593 248 1598 -
266 1545 457 1614 Alexandro
484 1559 574 1636 gesta
601 1541 713 1616 essent
740 1547 901 1635 neglexit,
929 1563 961 1615 et
988 1575 1073 1639 quae

9 1675 27 1716 n
59 1649 199 1740 singulis
227 1650 323 1718 terris
357 1673 395 1717 ac
428 1648 559 1740 populis
588 1648 812 1716 memorabilia
836 1670 879 1718 ac
911 1653 1076 1720 mirabilia

9 1752 223 1842 eperirentnr-
253 1753 328 1820 data
368 1775 469 1845 opera
503 1749 654 1842 exposuit
681 1765 715 1819 et
742 1774 835 1818 more
857 1775 917 1819 suo
946 1754 1077 1823 ornavit

9 1869 96 1944 tque
117 1855 347 1948 exaggeravit.
378 1855 444 1938 Ita,
466 1852 555 1944 quod
573 1853 619 1924 ad
639 1851 800 1942 privatam
821 1850 1001 1921 Alexandri
1021 1854 1074 1922 vi·

9 1979 62 2022 am
87 1955 215 2040 attinet,
236 1981 280 2022 ex
303 1954 486 2024 Onesicrito
508 1957 730 2036 haustasunt,
765 1977 848 2046 quae
869 1967 977 2019 narrat
997 1954 1076 2022 Plu-

9 2059 129 2124 archus
151 2056 230 2140 (Vit.
258 2057 358 2125 Alex.
387 2082 416 2125 c.
442 2055 549 2140 VIII.)
579 2055 621 2122 de
644 2055 767 2138 Iliade,
789 2081 886 2145 quam
905 2080 968 2122 una
999 2066 1078 2124 cum

10 2183 158 2226 nucrone
171 2183 232 2227 rex
252 2183 381 2249 semper
400 2157 637 2248 sub'·pulvinari
656 2180 767 2221 secum
788 2156 953 2238 hahuerit,
979 2172 1011 2222 et
1032 2157 1077 2224 de

10 2262 128 2328 'hilisti
156 2259 301 2327 historiis
328 2275 422 2348 atque
457 2256 644 2345 Euripidis,
685 2256 876 2344 Sophoclis,
913 2255 1076 2348 Aeschyli
1191 2297 1195 2304 ·
1286 2267 1294 2284 ·

10 2363 198 2456 ragoediis,
222 2361 412 2450 Telestique
433 2371 466 2426 et
485 2356 657 2426 Philoxeni
679 2355 905 2448 dithyrambis,
928 2347 1075 2447 quosli-

10 2498 77 2540 ›ros
96 2494 160 2536 rex
181 2463 355 2556 aliquando
376 2463 416 2528 ah
431 2462 583 2551 ,Harpalo
604 2459 645 2526 ad
667 2485 702 2527 se
729 2459 812 2526 mitti
839 2460 994 2557 iusserit.x
1020 2461 1076 2529 De

10 2568 229 2666 geographicis
249 2580 354 2632 autem
364 2561 497 2652 aliisque
515 2562 550 2627 id
565 2562 1077 2657 gennsrebusmemoratudignis

10 2675 144 2742 »Iurima
153 2667 300 2759 exempla
308 2677 415 2732 extant
431 2663 517 2752 apud
532 2664 742 2748 Strabonem,
759 2687 855 2750 quem
869 2666 1076 2732 multaetiam

11 2779 172 2846 rraeclara
191 2794 273 2861 qnae
295 2767 337 2834 ad
359 2764 501 2834 instituta
523 2778 705 2854 spectarent
716 2778 749 2834 et
767 2788 876 2831 mores
892 2767 1073 2858 Persarum,
1141 2811 1144 2816 -

11 2863 260 2956 lactrianorum,
268 2869 434 2951 Indorum,
448 2892 491 2934 ex
498 2865 682 2935 Onesicrito
695 2865 935 2956 deprompsisse
944 2867 1076 2934 verissi-

11 3009 49 3050 ne
64 2976 320 3050 Siehenkeesius
341 2969 463 3058 (Praei.
483 2968 525 3035 ad
545 2957 649 3039 Strah.
668 2993 702 3058 p.
720 2969 860 3050 XVIII.)
882 2971 1077 3039 observavit.

11 3081 170 3178 inprimis
183 3102 273 3160 vero,
288 3074 323 3144 id
331 3072 420 3165 quod
429 3095 524 3139 nemo
532 3070 710 3153 mirabitur,
721 3068 1077 3158 Indiaeregiones,tum

11 3187 147 3254 nimum
169 3177 301 3248 Graecis
323 3170 501 3242 accuratius
516 3170 674 3260 cognitae,
696 3169 771 3235 huic
790 3169 950 3259 scriptori,
978 3194 1079 3262 spon.

12 3313 29 3356 e
50 3287 123 3354 iam
143 3282 324 3348 fabularum
339 3287 382 3342 et
407 3273 635 3366 miraculorum
660 3269 820 3351 sectatori,
841 3285 990 3360 tanquam
1010 3296 1080 3338 am-

12 3385 172 3456 rlissimus
193 3404 279 3449 nova
308 3403 454 3467 quaeque
473 3370 737 3448 comminiscendi
752 3394 891 3466 campus
911 3373 1080 3460 patebant,

12 3471 71 3582 quo
94 3479 371 3574 quemadmodum
383 3479 439 3547 ille
453 3500 530 3545 usus
544 3474 594 3560 sit,
614 3472 736 3564 optime
754 3473 938 3563 apparebit,
964 3473 991 3538 si
1010 3471 1082 3538 eius

12 3589 211 3672 narrationes
230 3608 304 3652 cum
327 3584 368 3651 iis
395 3579 586 3661 contuleris,
614 3601 697 3668 quae
717 3577 757 3641 eh
778 3573 985 3654 Aristobulo,
1006 3571 1080 3637 Ille-

12 3692 165 3784 gasthene
184 3683 297 3755 aliisve
317 3683 382 3752 fide
402 3681 605 3772 dignioribus
624 3677 807 3746 auctoribus
827 3675 943 3741 iisdem
963 3671 1006 3739 de
1025 3697 1081 3740 re-

12 3789 67 3864 bus
83 3789 205 3859 tradita
220 3796 303 3858 s'unt.
316 3787 374 3854 'Ita
390 3801 424 3853 ut
436 3787 500 3855 hoc
511 3798 582 3872 utar
597 3776 984 3872 (ap.snab.T.V1.p.tt.
994 3774 1083 3863 sqq.)

13 3897 221 3968 Aristobulus
240 3890 400 3974 tranavit,
435 3889 476 3955 ad
495 3886 671 3955 Acesinem
696 3881 830 3951 fluvium
859 3877 959 3944 baisse
986 3880 1084 3944 arho-

13 4029 102 4088 rem,
125 3997 217 4070 cuius
237 3997 303 4065 sub'
315 3995 430 4063 umbra
447 3988 678 4086 quinquaginta
696 3981 819 4078 equites
838 3979 1003 4052 meridiari
1019 3999 1084 4072 po·

1011 4124 1028 4154 0
