<?xml version="1.0" encoding="UTF-8"?>
<!DOCTYPE html PUBLIC "-//W3C//DTD XHTML 1.0 Transitional//EN"
    "http://www.w3.org/TR/xhtml1/DTD/xhtml1-transitional.dtd">
<html xmlns="http://www.w3.org/1999/xhtml" xml:lang="en" lang="en">
 <head>
  <title>
</title>
<meta http-equiv="Content-Type" content="text/html;charset=utf-8" />
  <meta name='ocr-system' content='tesseract 3.04.00' />
  <meta name='ocr-capabilities' content='ocr_page ocr_carea ocr_par ocr_line ocrx_word'/>
</head>
<body>
  <div class='ocr_page' id='page_1' title='image "./commentationisd00geiegoog_0227.png"; bbox 0 0 2642 4242; ppageno 0'>
   <div class='ocr_carea' id='block_1_1' title="bbox 571 119 750 174">
    <p class='ocr_par' dir='ltr' id='par_1_1' title="bbox 571 119 750 174">
     <span class='ocr_line' id='line_1_1' title="bbox 571 119 750 174; baseline 0 -15"><span class='ocrx_word' id='word_1_1' title='bbox 571 119 750 174; x_wconf 70' lang='lat'>„19-</span> 
     </span>
    </p>
   </div>
   <div class='ocr_carea' id='block_1_2' title="bbox 85 297 1315 3632">
    <p class='ocr_par' dir='ltr' id='par_1_2' title="bbox 86 297 1222 1660">
     <span class='ocr_line' id='line_1_2' title="bbox 204 297 1222 380; baseline 0.002 -18"><span class='ocrx_word' id='word_1_2' title='bbox 204 297 480 380; x_wconf 90' lang='lat' dir='ltr'>Antiquissimus</span> <span class='ocrx_word' id='word_1_3' title='bbox 504 306 539 360; x_wconf 90' lang='lat' dir='ltr'>et</span> <span class='ocrx_word' id='word_1_4' title='bbox 562 297 630 362; x_wconf 87' lang='lat' dir='ltr'>fide</span> <span class='ocrx_word' id='word_1_5' title='bbox 654 297 881 378; x_wconf 82' lang='lat' dir='ltr'>dignissimus</span> <span class='ocrx_word' id='word_1_6' title='bbox 905 298 1017 361; x_wconf 83' lang='lat' dir='ltr'>codex</span> <span class='ocrx_word' id='word_1_7' title='bbox 1040 297 1074 361; x_wconf 89' lang='lat' dir='ltr'>A</span> <span class='ocrx_word' id='word_1_8' title='bbox 1097 299 1222 364; x_wconf 90' lang='lat' dir='ltr'>Parisi-</span> 
     </span>
     <span class='ocr_line' id='line_1_3' title="bbox 86 415 1222 511; baseline 0.004 -33"><span class='ocrx_word' id='word_1_9' title='bbox 86 433 163 478; x_wconf 87' lang='lat' dir='ltr'>nus</span> <span class='ocrx_word' id='word_1_10' title='bbox 174 420 196 497; x_wconf 81' lang='grc'>1)</span> <span class='ocrx_word' id='word_1_11' title='bbox 225 416 279 478; x_wconf 91' lang='lat' dir='ltr'>his</span> <span class='ocrx_word' id='word_1_12' title='bbox 309 416 427 478; x_wconf 87' lang='lat' dir='ltr'>finitur</span> <span class='ocrx_word' id='word_1_13' title='bbox 461 415 595 478; x_wconf 88' lang='lat' dir='ltr'>verbis:</span> <span class='ocrx_word' id='word_1_14' title='bbox 632 417 786 494; x_wconf 81' lang='grc' dir='ltr'>ἐγεννήθη</span> <span class='ocrx_word' id='word_1_15' title='bbox 822 418 879 494; x_wconf 82' lang='grc' dir='ltr'>μὲν</span> <span class='ocrx_word' id='word_1_16' title='bbox 914 416 974 480; x_wconf 88' lang='grc' dir='ltr'>σύν</span> <span class='ocrx_word' id='word_1_17' title='bbox 1013 415 1222 511; x_wconf 77' lang='grc' dir='ltr'>Ἀλέξανδρος</span> 
     </span>
     <span class='ocr_line' id='line_1_4' title="bbox 87 518 1222 618; baseline 0.001 -20"><span class='ocrx_word' id='word_1_18' title='bbox 87 534 216 612; x_wconf 86' lang='grc' dir='ltr'>Τνβίου</span> <span class='ocrx_word' id='word_1_19' title='bbox 240 539 277 618; x_wconf 73' lang='grc' dir='ltr'>τῇ</span> <span class='ocrx_word' id='word_1_20' title='bbox 302 533 455 615; x_wconf 80' lang='grc' dir='ltr'>νεομηνία</span> <span class='ocrx_word' id='word_1_21' title='bbox 469 531 630 612; x_wconf 84' lang='grc' dir='ltr'>ἀνατολῆς</span> <span class='ocrx_word' id='word_1_22' title='bbox 647 531 751 610; x_wconf 85' lang='grc' dir='ltr'>οὔσης</span> <span class='ocrx_word' id='word_1_23' title='bbox 765 553 773 567; x_wconf 88' lang='grc'><em>·</em></span> <span class='ocrx_word' id='word_1_24' title='bbox 786 531 974 611; x_wconf 85' lang='grc' dir='ltr'>ἐτελεύτησε</span> <span class='ocrx_word' id='word_1_25' title='bbox 997 535 1032 597; x_wconf 82' lang='grc' dir='ltr'>δὲ</span> <span class='ocrx_word' id='word_1_26' title='bbox 1056 518 1222 613; x_wconf 77' lang='grc' dir='ltr'>Φαρμοῦθι</span> 
     </span>
     <span class='ocr_line' id='line_1_5' title="bbox 87 646 1221 728; baseline -0.001 -14"><span class='ocrx_word' id='word_1_27' title='bbox 87 650 224 728; x_wconf 83' lang='grc' dir='ltr'>τετράδι</span> <span class='ocrx_word' id='word_1_28' title='bbox 248 651 345 714; x_wconf 79' lang='grc' dir='ltr'>ουσία</span> <span class='ocrx_word' id='word_1_29' title='bbox 474 656 654 727; x_wconf 89' lang='lat' dir='ltr'>postrema</span> <span class='ocrx_word' id='word_1_30' title='bbox 678 647 931 710; x_wconf 84' lang='lat' dir='ltr'><strong>desiderantur.</strong></span> <span class='ocrx_word' id='word_1_31' title='bbox 958 646 1097 711; x_wconf 91' lang='lat' dir='ltr'>codices</span> <span class='ocrx_word' id='word_1_32' title='bbox 1120 649 1221 713; x_wconf 91' lang='lat' dir='ltr'>LBC</span> 
     </span>
     <span class='ocr_line' id='line_1_6' title="bbox 87 764 1221 845; baseline 0.004 -17"><span class='ocrx_word' id='word_1_33' title='bbox 87 783 173 828; x_wconf 91' lang='lat' dir='ltr'>rem</span> <span class='ocrx_word' id='word_1_34' title='bbox 188 764 237 827; x_wconf 91' lang='lat' dir='ltr'>ita</span> <span class='ocrx_word' id='word_1_35' title='bbox 252 764 423 829; x_wconf 81' lang='lat' dir='ltr'>referunt:</span> <span class='ocrx_word' id='word_1_36' title='bbox 441 765 595 845; x_wconf 86' lang='grc' dir='ltr'>ἐγεννήθη</span> <span class='ocrx_word' id='word_1_37' title='bbox 612 767 670 844; x_wconf 84' lang='grc' dir='ltr'>μὲν</span> <span class='ocrx_word' id='word_1_38' title='bbox 686 765 706 828; x_wconf 76' lang='grc' dir='ltr'>ὁ</span> <span class='ocrx_word' id='word_1_39' title='bbox 722 764 930 845; x_wconf 76' lang='grc' dir='ltr'>Ἀλέξανδρος</span> <span class='ocrx_word' id='word_1_40' title='bbox 947 768 1047 845; x_wconf 91' lang='grc' dir='ltr'>μηνὸς</span> <span class='ocrx_word' id='word_1_41' title='bbox 1064 766 1221 832; x_wconf 87' lang='grc' dir='ltr'>Ἰαννουα-</span> 
     </span>
     <span class='ocr_line' id='line_1_7' title="bbox 88 872 1222 965; baseline 0.003 -19"><span class='ocrx_word' id='word_1_42' title='bbox 88 885 167 962; x_wconf 85' lang='grc' dir='ltr'>ρίου</span> <span class='ocrx_word' id='word_1_43' title='bbox 202 872 353 965; x_wconf 78' lang='grc' dir='ltr'>νεομηνία</span> <span class='ocrx_word' id='word_1_44' title='bbox 399 881 559 961; x_wconf 84' lang='grc' dir='ltr'>ἀνατολῆς</span> <span class='ocrx_word' id='word_1_45' title='bbox 594 880 697 960; x_wconf 88' lang='grc' dir='ltr'>οὔσης</span> <span class='ocrx_word' id='word_1_46' title='bbox 732 885 790 946; x_wconf 86' lang='grc' dir='ltr'>τοῦ</span> <span class='ocrx_word' id='word_1_47' title='bbox 818 881 919 960; x_wconf 91' lang='grc' dir='ltr'>ἡλίου.</span> <span class='ocrx_word' id='word_1_48' title='bbox 965 883 1152 963; x_wconf 82' lang='grc' dir='ltr'>ἐτελεύτησε</span> <span class='ocrx_word' id='word_1_49' title='bbox 1187 886 1222 949; x_wconf 81' lang='grc' dir='ltr'>δέ</span> 
     </span>
     <span class='ocr_line' id='line_1_8' title="bbox 89 996 1222 1086; baseline 0.002 -24"><span class='ocrx_word' id='word_1_50' title='bbox 89 1000 197 1079; x_wconf 90' lang='grc' dir='ltr'>μηνὸς</span> <span class='ocrx_word' id='word_1_51' title='bbox 233 997 415 1086; x_wconf 79' lang='grc' dir='ltr'>Ἀπριλλίου</span> <span class='ocrx_word' id='word_1_52' title='bbox 457 999 609 1080; x_wconf 84' lang='grc' dir='ltr'>νεομηνία</span> <span class='ocrx_word' id='word_1_53' title='bbox 644 997 771 1076; x_wconf 80' lang='grc' dir='ltr'>δύσεως</span> <span class='ocrx_word' id='word_1_54' title='bbox 806 996 909 1078; x_wconf 83' lang='grc' dir='ltr'>οὔσης</span> <span class='ocrx_word' id='word_1_55' title='bbox 943 1003 1001 1063; x_wconf 87' lang='grc' dir='ltr'>τοῦ</span> <span class='ocrx_word' id='word_1_56' title='bbox 1040 999 1132 1077; x_wconf 82' lang='grc' dir='ltr'>ἡλίου</span> <span class='ocrx_word' id='word_1_57' title='bbox 1171 1003 1222 1064; x_wconf 85' lang='grc' dir='ltr'>καὶ</span> 
     </span>
     <span class='ocr_line' id='line_1_9' title="bbox 90 1115 1222 1194; baseline 0.001 -16"><span class='ocrx_word' id='word_1_58' title='bbox 90 1115 259 1192; x_wconf 86' lang='grc' dir='ltr'>ἑκάλησαν</span> <span class='ocrx_word' id='word_1_59' title='bbox 293 1117 352 1192; x_wconf 87' lang='grc' dir='ltr'>τὴν</span> <span class='ocrx_word' id='word_1_60' title='bbox 386 1115 507 1193; x_wconf 86' lang='grc' dir='ltr'>ἡμέραν</span> <span class='ocrx_word' id='word_1_61' title='bbox 541 1118 599 1192; x_wconf 87' lang='grc' dir='ltr'>τῆς</span> <span class='ocrx_word' id='word_1_62' title='bbox 634 1118 785 1192; x_wconf 88' lang='grc' dir='ltr'>τελευτῆς</span> <span class='ocrx_word' id='word_1_63' title='bbox 820 1115 919 1178; x_wconf 85' lang='grc' dir='ltr'>αὐτοῦ</span> <span class='ocrx_word' id='word_1_64' title='bbox 956 1117 1134 1194; x_wconf 85' lang='grc' dir='ltr'>νεομηνίαν,</span> <span class='ocrx_word' id='word_1_65' title='bbox 1170 1118 1222 1181; x_wconf 84' lang='grc' dir='ltr'>διὰ</span> 
     </span>
     <span class='ocr_line' id='line_1_10' title="bbox 89 1216 1222 1312; baseline -0.002 -17"><span class='ocrx_word' id='word_1_66' title='bbox 89 1233 155 1296; x_wconf 90' lang='grc' dir='ltr'>τὸν</span> <span class='ocrx_word' id='word_1_67' title='bbox 179 1229 388 1309; x_wconf 80' lang='grc' dir='ltr'>Ἀλέξανδρον</span> <span class='ocrx_word' id='word_1_68' title='bbox 412 1231 487 1294; x_wconf 87' lang='grc' dir='ltr'>νέον</span> <span class='ocrx_word' id='word_1_69' title='bbox 510 1231 775 1308; x_wconf 77' lang='grc' dir='ltr'>τετελευτηκέναι,</span> <span class='ocrx_word' id='word_1_70' title='bbox 821 1216 928 1291; x_wconf 86' lang='lat' dir='ltr'>Iulius</span> <span class='ocrx_word' id='word_1_71' title='bbox 952 1229 1127 1310; x_wconf 84' lang='lat' dir='ltr'>Valerius,</span> <span class='ocrx_word' id='word_1_72' title='bbox 1163 1232 1222 1312; x_wconf 91' lang='lat' dir='ltr'>qui</span> 
     </span>
     <span class='ocr_line' id='line_1_11' title="bbox 90 1344 1221 1426; baseline 0.001 -18"><span class='ocrx_word' id='word_1_73' title='bbox 90 1347 132 1408; x_wconf 91' lang='lat' dir='ltr'>in</span> <span class='ocrx_word' id='word_1_74' title='bbox 167 1347 324 1426; x_wconf 86' lang='lat' dir='ltr'>linguam</span> <span class='ocrx_word' id='word_1_75' title='bbox 347 1344 509 1408; x_wconf 85' lang='lat' dir='ltr'>Latinam</span> <span class='ocrx_word' id='word_1_76' title='bbox 547 1345 754 1408; x_wconf 87' lang='lat' dir='ltr'>transvertit</span> <span class='ocrx_word' id='word_1_77' title='bbox 799 1345 1037 1407; x_wconf 82' lang='lat' dir='ltr'>narrationem</span> <span class='ocrx_word' id='word_1_78' title='bbox 1070 1346 1221 1409; x_wconf 88' lang='lat' dir='ltr'>Pseudo-</span> 
     </span>
     <span class='ocr_line' id='line_1_12' title="bbox 93 1461 1221 1541; baseline 0.001 -16"><span class='ocrx_word' id='word_1_79' title='bbox 93 1461 332 1541; x_wconf 75' lang='lat' dir='ltr'>Callistheni5‚</span> <span class='ocrx_word' id='word_1_80' title='bbox 362 1461 448 1523; x_wconf 90' lang='lat' dir='ltr'>nihil</span> <span class='ocrx_word' id='word_1_81' title='bbox 476 1461 520 1524; x_wconf 89' lang='lat' dir='ltr'>de</span> <span class='ocrx_word' id='word_1_82' title='bbox 545 1469 642 1524; x_wconf 89' lang='lat' dir='ltr'>ortus</span> <span class='ocrx_word' id='word_1_83' title='bbox 667 1468 702 1523; x_wconf 92' lang='lat' dir='ltr'>et</span> <span class='ocrx_word' id='word_1_84' title='bbox 725 1461 841 1523; x_wconf 90' lang='lat' dir='ltr'>obitus</span> <span class='ocrx_word' id='word_1_85' title='bbox 865 1472 1115 1524; x_wconf 87' lang='lat' dir='ltr'>commemorat</span> <span class='ocrx_word' id='word_1_86' title='bbox 1139 1472 1221 1526; x_wconf 91' lang='lat' dir='ltr'>tem-</span> 
     </span>
     <span class='ocr_line' id='line_1_13' title="bbox 91 1596 192 1660; baseline 0 -20"><span class='ocrx_word' id='word_1_87' title='bbox 91 1596 192 1660; x_wconf 90' lang='lat' dir='ltr'>pore.</span> 
     </span>
    </p>

    <p class='ocr_par' dir='ltr' id='par_1_3' title="bbox 85 1692 1221 3402">
     <span class='ocr_line' id='line_1_14' title="bbox 205 1692 1220 1775; baseline 0.001 -19"><span class='ocrx_word' id='word_1_88' title='bbox 205 1694 323 1775; x_wconf 89' lang='lat' dir='ltr'>Atque</span> <span class='ocrx_word' id='word_1_89' title='bbox 338 1694 489 1774; x_wconf 88' lang='lat' dir='ltr'>primum</span> <span class='ocrx_word' id='word_1_90' title='bbox 505 1693 655 1773; x_wconf 89' lang='lat' dir='ltr'>quidem,</span> <span class='ocrx_word' id='word_1_91' title='bbox 669 1702 741 1756; x_wconf 92' lang='lat' dir='ltr'>uta</span> <span class='ocrx_word' id='word_1_92' title='bbox 757 1692 930 1756; x_wconf 85' lang='lat' dir='ltr'>facillimis</span> <span class='ocrx_word' id='word_1_93' title='bbox 946 1693 1220 1774; x_wconf 81' lang='lat' dir='ltr'>proficiscamur,</span> 
     </span>
     <span class='ocr_line' id='line_1_15' title="bbox 93 1809 1220 1891; baseline 0 -17"><span class='ocrx_word' id='word_1_94' title='bbox 93 1811 191 1874; x_wconf 88' lang='lat' dir='ltr'>unde</span> <span class='ocrx_word' id='word_1_95' title='bbox 226 1810 295 1874; x_wconf 90' lang='lat' dir='ltr'>sint</span> <span class='ocrx_word' id='word_1_96' title='bbox 318 1810 456 1890; x_wconf 89' lang='lat' dir='ltr'>repetiti</span> <span class='ocrx_word' id='word_1_97' title='bbox 479 1827 619 1872; x_wconf 88' lang='lat' dir='ltr'>menses</span> <span class='ocrx_word' id='word_1_98' title='bbox 640 1809 790 1872; x_wconf 90' lang='lat' dir='ltr'>Romani</span> <span class='ocrx_word' id='word_1_99' title='bbox 814 1809 996 1873; x_wconf 86' lang='lat' dir='ltr'>Ianuarius</span> <span class='ocrx_word' id='word_1_100' title='bbox 1020 1819 1055 1872; x_wconf 91' lang='lat' dir='ltr'>et</span> <span class='ocrx_word' id='word_1_101' title='bbox 1077 1810 1220 1891; x_wconf 65' lang='lat' dir='ltr'>Aprilis</span> 
     </span>
     <span class='ocr_line' id='line_1_16' title="bbox 95 1924 1220 2008; baseline -0.002 -18"><span class='ocrx_word' id='word_1_102' title='bbox 95 1945 188 2008; x_wconf 90' lang='lat' dir='ltr'>quos</span> <span class='ocrx_word' id='word_1_103' title='bbox 228 1927 394 1990; x_wconf 88' lang='lat' dir='ltr'>exhibent</span> <span class='ocrx_word' id='word_1_104' title='bbox 434 1926 573 1989; x_wconf 88' lang='lat' dir='ltr'>codices</span> <span class='ocrx_word' id='word_1_105' title='bbox 603 1924 703 2005; x_wconf 83' lang='lat' dir='ltr'>LBC,</span> <span class='ocrx_word' id='word_1_106' title='bbox 744 1926 970 2005; x_wconf 79' lang='lat' dir='ltr'>explicemus,</span> <span class='ocrx_word' id='word_1_107' title='bbox 1028 1925 1094 1988; x_wconf 89' lang='lat' dir='ltr'>hos</span> <span class='ocrx_word' id='word_1_108' title='bbox 1134 1945 1220 1989; x_wconf 88' lang='lat' dir='ltr'>vero</span> 
     </span>
     <span class='ocr_line' id='line_1_17' title="bbox 94 2042 1220 2122; baseline -0.002 -16"><span class='ocrx_word' id='word_1_109' title='bbox 94 2061 239 2106; x_wconf 88' lang='lat' dir='ltr'>menses</span> <span class='ocrx_word' id='word_1_110' title='bbox 286 2060 364 2105; x_wconf 89' lang='lat' dir='ltr'>esse</span> <span class='ocrx_word' id='word_1_111' title='bbox 410 2042 618 2105; x_wconf 88' lang='lat' dir='ltr'>substitutos</span> <span class='ocrx_word' id='word_1_112' title='bbox 658 2060 680 2104; x_wconf 90' lang='lat' dir='ltr'>a</span> <span class='ocrx_word' id='word_1_113' title='bbox 719 2043 837 2104; x_wconf 91' lang='lat' dir='ltr'>scriba</span> <span class='ocrx_word' id='word_1_114' title='bbox 882 2042 1035 2122; x_wconf 90' lang='lat' dir='ltr'>quodam</span> <span class='ocrx_word' id='word_1_115' title='bbox 1080 2042 1220 2105; x_wconf 87' lang='lat' dir='ltr'>indocto</span> 
     </span>
     <span class='ocr_line' id='line_1_18' title="bbox 94 2141 1221 2240; baseline -0.002 -18"><span class='ocrx_word' id='word_1_116' title='bbox 94 2177 162 2240; x_wconf 92' lang='lat' dir='ltr'>pro</span> <span class='ocrx_word' id='word_1_117' title='bbox 176 2141 277 2238; x_wconf 82' lang='lat' dir='ltr'>‘Tybi</span> <span class='ocrx_word' id='word_1_118' title='bbox 301 2168 335 2221; x_wconf 89' lang='lat' dir='ltr'>et</span> <span class='ocrx_word' id='word_1_119' title='bbox 358 2157 563 2228; x_wconf 86' lang='lat' dir='ltr'>Pharmuthi</span> <span class='ocrx_word' id='word_1_120' title='bbox 585 2157 774 2238; x_wconf 84' lang='lat' dir='ltr'>Aegyptiis</span> <span class='ocrx_word' id='word_1_121' title='bbox 808 2159 887 2220; x_wconf 91' lang='lat' dir='ltr'>luce</span> <span class='ocrx_word' id='word_1_122' title='bbox 922 2159 1051 2222; x_wconf 91' lang='lat' dir='ltr'>clarius</span> <span class='ocrx_word' id='word_1_123' title='bbox 1086 2167 1148 2221; x_wconf 88' lang='lat' dir='ltr'>est.</span> <span class='ocrx_word' id='word_1_124' title='bbox 1184 2159 1221 2220; x_wconf 90' lang='lat' dir='ltr'>in</span> 
     </span>
     <span class='ocr_line' id='line_1_19' title="bbox 95 2273 1220 2356; baseline -0.002 -18"><span class='ocrx_word' id='word_1_125' title='bbox 95 2275 357 2356; x_wconf 82' lang='lat' dir='ltr'>Aegyptiorum</span> <span class='ocrx_word' id='word_1_126' title='bbox 381 2275 473 2336; x_wconf 93' lang='lat' dir='ltr'>enim</span> <span class='ocrx_word' id='word_1_127' title='bbox 497 2291 588 2337; x_wconf 89' lang='lat' dir='ltr'>anno</span> <span class='ocrx_word' id='word_1_128' title='bbox 613 2273 721 2336; x_wconf 88' lang='lat' dir='ltr'>solari</span> <span class='ocrx_word' id='word_1_129' title='bbox 744 2273 814 2336; x_wconf 88' lang='lat' dir='ltr'>fixo</span> <span class='ocrx_word' id='word_1_130' title='bbox 838 2274 931 2354; x_wconf 91' lang='lat' dir='ltr'>Tybi</span> <span class='ocrx_word' id='word_1_131' title='bbox 964 2275 1095 2338; x_wconf 90' lang='lat' dir='ltr'>mensis</span> <span class='ocrx_word' id='word_1_132' title='bbox 1119 2274 1220 2338; x_wconf 86' lang='lat' dir='ltr'>duce-</span> 
     </span>
     <span class='ocr_line' id='line_1_20' title="bbox 95 2389 1219 2469; baseline -0.004 -13"><span class='ocrx_word' id='word_1_133' title='bbox 95 2394 203 2456; x_wconf 88' lang='lat' dir='ltr'>batur</span> <span class='ocrx_word' id='word_1_134' title='bbox 218 2410 240 2454; x_wconf 86' lang='lat' dir='ltr'>a</span> <span class='ocrx_word' id='word_1_135' title='bbox 255 2391 440 2454; x_wconf 88' lang='lat' dir='ltr'>Decembr.</span> <span class='ocrx_word' id='word_1_136' title='bbox 458 2389 499 2453; x_wconf 87' lang='lat'>27</span> <span class='ocrx_word' id='word_1_137' title='bbox 517 2390 563 2452; x_wconf 91' lang='lat' dir='ltr'>ad</span> <span class='ocrx_word' id='word_1_138' title='bbox 578 2389 715 2452; x_wconf 86' lang='lat' dir='ltr'>Ianuar.</span> <span class='ocrx_word' id='word_1_139' title='bbox 734 2389 787 2469; x_wconf 84' lang='lat'>27,</span> <span class='ocrx_word' id='word_1_140' title='bbox 803 2389 1009 2457; x_wconf 90' lang='lat' dir='ltr'>Pharmuthi</span> <span class='ocrx_word' id='word_1_141' title='bbox 1025 2390 1158 2453; x_wconf 89' lang='lat' dir='ltr'>aMart.</span> <span class='ocrx_word' id='word_1_142' title='bbox 1177 2391 1219 2452; x_wconf 87' lang='lat'>27</span> 
     </span>
     <span class='ocr_line' id='line_1_21' title="bbox 98 2505 1219 2589; baseline -0.002 -19"><span class='ocrx_word' id='word_1_143' title='bbox 98 2508 145 2571; x_wconf 92' lang='lat' dir='ltr'>ad</span> <span class='ocrx_word' id='word_1_144' title='bbox 157 2507 257 2587; x_wconf 88' lang='lat' dir='ltr'>April</span> <span class='ocrx_word' id='word_1_145' title='bbox 270 2507 311 2568; x_wconf 83' lang='lat'>27</span> <span class='ocrx_word' id='word_1_146' title='bbox 320 2511 353 2588; x_wconf 78' lang='lat'>2).</span> <span class='ocrx_word' id='word_1_147' title='bbox 378 2507 496 2585; x_wconf 93' lang='lat' dir='ltr'>itaque</span> <span class='ocrx_word' id='word_1_148' title='bbox 512 2506 570 2568; x_wconf 91' lang='lat' dir='ltr'>hic</span> <span class='ocrx_word' id='word_1_149' title='bbox 585 2505 822 2585; x_wconf 88' lang='lat' dir='ltr'>respondebat</span> <span class='ocrx_word' id='word_1_150' title='bbox 834 2505 957 2586; x_wconf 77' lang='lat' dir='ltr'>Aprili,</span> <span class='ocrx_word' id='word_1_151' title='bbox 973 2505 1219 2589; x_wconf 58' lang='lat' dir='ltr'>illegIanuariu</span> 
     </span>
     <span class='ocr_line' id='line_1_22' title="bbox 99 2621 1221 2703; baseline 0.001 -16"><span class='ocrx_word' id='word_1_152' title='bbox 99 2624 191 2688; x_wconf 89' lang='lat' dir='ltr'>sicut</span> <span class='ocrx_word' id='word_1_153' title='bbox 212 2624 363 2703; x_wconf 82' lang='lat' dir='ltr'>legimus</span> <span class='ocrx_word' id='word_1_154' title='bbox 386 2623 421 2684; x_wconf 93' lang='lat' dir='ltr'>in</span> <span class='ocrx_word' id='word_1_155' title='bbox 445 2623 588 2686; x_wconf 87' lang='lat' dir='ltr'>scholiis</span> <span class='ocrx_word' id='word_1_156' title='bbox 611 2622 715 2684; x_wconf 92' lang='lat' dir='ltr'>Arati</span> <span class='ocrx_word' id='word_1_157' title='bbox 738 2621 819 2684; x_wconf 78' lang='lat'><strong>264:</strong></span> <span class='ocrx_word' id='word_1_158' title='bbox 850 2627 907 2688; x_wconf 85' lang='grc' dir='ltr'>τού</span> <span class='ocrx_word' id='word_1_159' title='bbox 931 2624 1096 2703; x_wconf 86' lang='grc' dir='ltr'>Φαρμούθι</span> <span class='ocrx_word' id='word_1_160' title='bbox 1120 2626 1221 2703; x_wconf 86' lang='grc' dir='ltr'>μηνὸς</span> 
     </span>
     <span class='ocr_line' id='line_1_23' title="bbox 85 2739 1221 2820; baseline -0.003 -14"><span class='ocrx_word' id='word_1_161' title='bbox 85 2741 138 2820; x_wconf 81' lang='grc' dir='ltr'>’ὅς</span> <span class='ocrx_word' id='word_1_162' title='bbox 167 2741 234 2805; x_wconf 88' lang='grc' dir='ltr'>ἐστι</span> <span class='ocrx_word' id='word_1_163' title='bbox 264 2741 350 2820; x_wconf 87' lang='grc' dir='ltr'>παρὰ</span> <span class='ocrx_word' id='word_1_164' title='bbox 379 2739 547 2819; x_wconf 88' lang='grc' dir='ltr'>Ῥωμαίοις</span> <span class='ocrx_word' id='word_1_165' title='bbox 574 2739 767 2819; x_wconf 86' lang='grc' dir='ltr'>Ἂπρίλλιος,</span> <span class='ocrx_word' id='word_1_166' title='bbox 802 2740 857 2804; x_wconf 87' lang='grc' dir='ltr'>ὅτε</span> <span class='ocrx_word' id='word_1_167' title='bbox 891 2742 941 2805; x_wconf 85' lang='grc' dir='ltr'>καὶ</span> <span class='ocrx_word' id='word_1_168' title='bbox 964 2743 1021 2804; x_wconf 88' lang='grc' dir='ltr'>τοῦ</span> <span class='ocrx_word' id='word_1_169' title='bbox 1046 2741 1178 2818; x_wconf 84' lang='grc' dir='ltr'>θερίζειν</span> <span class='ocrx_word' id='word_1_170' title='bbox 1201 2740 1221 2803; x_wconf 76' lang='lat' dir='ltr'>b</span> 
     </span>
     <span class='ocr_line' id='line_1_24' title="bbox 99 2854 1220 2936; baseline -0.002 -14"><span class='ocrx_word' id='word_1_171' title='bbox 99 2859 209 2936; x_wconf 88' lang='grc' dir='ltr'>καιρὸς</span> <span class='ocrx_word' id='word_1_172' title='bbox 249 2856 323 2936; x_wconf 86' lang='grc' dir='ltr'>παρ’</span> <span class='ocrx_word' id='word_1_173' title='bbox 354 2856 545 2935; x_wconf 87' lang='grc' dir='ltr'>Αἰγυπτίοις.</span> <span class='ocrx_word' id='word_1_174' title='bbox 591 2854 685 2935; x_wconf 91' lang='lat' dir='ltr'>apud</span> <span class='ocrx_word' id='word_1_175' title='bbox 719 2854 879 2918; x_wconf 88' lang='lat' dir='ltr'>Suidam:</span> <span class='ocrx_word' id='word_1_176' title='bbox 934 2857 1099 2935; x_wconf 86' lang='grc' dir='ltr'>Φαρμούθι</span> <span class='ocrx_word' id='word_1_177' title='bbox 1144 2855 1220 2935; x_wconf 86' lang='grc' dir='ltr'>παρ’</span> 
     </span>
     <span class='ocr_line' id='line_1_25' title="bbox 100 2970 1221 3052; baseline -0.004 -15"><span class='ocrx_word' id='word_1_178' title='bbox 100 2973 279 3050; x_wconf 74' lang='grc' dir='ltr'>Αἰγυπτίοις</span> <span class='ocrx_word' id='word_1_179' title='bbox 304 2973 322 3036; x_wconf 88' lang='grc' dir='ltr'>ὁ</span> <span class='ocrx_word' id='word_1_180' title='bbox 346 2973 425 3036; x_wconf 86' lang='grc' dir='ltr'>κατὰ</span> <span class='ocrx_word' id='word_1_181' title='bbox 449 2971 625 3052; x_wconf 89' lang='grc' dir='ltr'>Ῥωμαίους</span> <span class='ocrx_word' id='word_1_182' title='bbox 649 2971 840 3052; x_wconf 86' lang='grc' dir='ltr'>Ἀπρίλλιος.</span> <span class='ocrx_word' id='word_1_183' title='bbox 875 2970 918 3033; x_wconf 91' lang='lat' dir='ltr'>de</span> <span class='ocrx_word' id='word_1_184' title='bbox 946 2971 1037 3050; x_wconf 88' lang='lat' dir='ltr'>Tybi</span> <span class='ocrx_word' id='word_1_185' title='bbox 1063 2972 1113 3033; x_wconf 88' lang='lat' dir='ltr'>ita</span> <span class='ocrx_word' id='word_1_186' title='bbox 1140 2971 1221 3034; x_wconf 87' lang='lat' dir='ltr'>scri-</span> 
     </span>
     <span class='ocr_line' id='line_1_26' title="bbox 99 3087 1221 3170; baseline 0.001 -19"><span class='ocrx_word' id='word_1_187' title='bbox 99 3096 198 3169; x_wconf 88' lang='lat' dir='ltr'>ptum</span> <span class='ocrx_word' id='word_1_188' title='bbox 220 3087 338 3150; x_wconf 86' lang='lat' dir='ltr'>inveni</span> <span class='ocrx_word' id='word_1_189' title='bbox 362 3087 481 3170; x_wconf 89' lang='lat' dir='ltr'>(schol.</span> <span class='ocrx_word' id='word_1_190' title='bbox 507 3087 605 3150; x_wconf 86' lang='lat' dir='ltr'>Arat.</span> <span class='ocrx_word' id='word_1_191' title='bbox 621 3088 691 3169; x_wconf 83' lang='lat'><strong>39):</strong></span> <span class='ocrx_word' id='word_1_192' title='bbox 723 3091 806 3166; x_wconf 88' lang='grc' dir='ltr'>λέγει</span> <span class='ocrx_word' id='word_1_193' title='bbox 831 3090 866 3153; x_wconf 80' lang='grc' dir='ltr'>δὲ</span> <span class='ocrx_word' id='word_1_194' title='bbox 888 3089 947 3152; x_wconf 88' lang='grc' dir='ltr'>τὸν</span> <span class='ocrx_word' id='word_1_195' title='bbox 970 3089 1047 3168; x_wconf 84' lang='grc' dir='ltr'>Τυβὶ</span> <span class='ocrx_word' id='word_1_196' title='bbox 1071 3088 1108 3166; x_wconf 88' lang='grc' dir='ltr'>ὅς</span> <span class='ocrx_word' id='word_1_197' title='bbox 1132 3089 1221 3153; x_wconf 87' lang='grc' dir='ltr'>ἐστιν</span> 
     </span>
     <span class='ocr_line' id='line_1_27' title="bbox 100 3203 1220 3284; baseline -0.002 -14"><span class='ocrx_word' id='word_1_198' title='bbox 100 3205 179 3270; x_wconf 86' lang='grc' dir='ltr'>κατὰ</span> <span class='ocrx_word' id='word_1_199' title='bbox 214 3203 390 3284; x_wconf 88' lang='grc' dir='ltr'>Ῥωμαίους</span> <span class='ocrx_word' id='word_1_200' title='bbox 426 3203 647 3283; x_wconf 80' lang='grc' dir='ltr'>’ίαννουάριος</span> <span class='ocrx_word' id='word_1_201' title='bbox 682 3205 755 3269; x_wconf 91' lang='grc' dir='ltr'>τότε</span> <span class='ocrx_word' id='word_1_202' title='bbox 793 3205 854 3284; x_wconf 89' lang='grc' dir='ltr'>γὰρ</span> <span class='ocrx_word' id='word_1_203' title='bbox 893 3205 1042 3284; x_wconf 85' lang='grc' dir='ltr'>σφοδρός</span> <span class='ocrx_word' id='word_1_204' title='bbox 1077 3205 1166 3268; x_wconf 76' lang='grc' dir='ltr'>ἐστιν</span> <span class='ocrx_word' id='word_1_205' title='bbox 1202 3204 1220 3268; x_wconf 88' lang='grc' dir='ltr'>ὁ</span> 
     </span>
     <span class='ocr_line' id='line_1_28' title="bbox 99 3321 225 3402; baseline -0.016 -16"><span class='ocrx_word' id='word_1_206' title='bbox 99 3321 225 3402; x_wconf 87' lang='grc' dir='ltr'>χειμών.</span> 
     </span>
    </p>

    <p class='ocr_par' dir='ltr' id='par_1_4' title="bbox 97 3421 1315 3632">
     <span class='ocr_line' id='line_1_29' title="bbox 207 3421 1315 3516; baseline -0.004 -17"><span class='ocrx_word' id='word_1_207' title='bbox 207 3434 296 3499; x_wconf 91' lang='lat' dir='ltr'>Cum</span> <span class='ocrx_word' id='word_1_208' title='bbox 324 3452 447 3516; x_wconf 87' lang='lat' dir='ltr'>regem</span> <span class='ocrx_word' id='word_1_209' title='bbox 474 3452 589 3516; x_wconf 88' lang='lat' dir='ltr'>neque</span> <span class='ocrx_word' id='word_1_210' title='bbox 618 3453 739 3498; x_wconf 91' lang='lat' dir='ltr'>mense</span> <span class='ocrx_word' id='word_1_211' title='bbox 768 3435 929 3498; x_wconf 89' lang='lat' dir='ltr'>Ianuario</span> <span class='ocrx_word' id='word_1_212' title='bbox 958 3443 1080 3497; x_wconf 86' lang='lat' dir='ltr'>natum</span> <span class='ocrx_word' id='word_1_213' title='bbox 1106 3451 1221 3514; x_wconf 91' lang='lat' dir='ltr'>neque</span> <span class='ocrx_word' id='word_1_214' title='bbox 1312 3421 1315 3430; x_wconf 77' lang='grc'>’</span> 
     </span>
     <span class='ocr_line' id='line_1_30' title="bbox 97 3531 1220 3632; baseline -0.004 -15"><span class='ocrx_word' id='word_1_215' title='bbox 97 3552 213 3632; x_wconf 87' lang='lat' dir='ltr'>Aprili</span> <span class='ocrx_word' id='word_1_216' title='bbox 237 3531 330 3616; x_wconf 85' lang='lat' dir='ltr'>diem</span> <span class='ocrx_word' id='word_1_217' title='bbox 359 3568 562 3631; x_wconf 88' lang='lat' dir='ltr'>supremum</span> <span class='ocrx_word' id='word_1_218' title='bbox 586 3551 715 3615; x_wconf 88' lang='lat' dir='ltr'>obiisse</span> <span class='ocrx_word' id='word_1_219' title='bbox 745 3569 790 3614; x_wconf 83' lang='lat' dir='ltr'>ex</span> <span class='ocrx_word' id='word_1_220' title='bbox 812 3551 865 3630; x_wconf 89' lang='lat' dir='ltr'>iis,</span> <span class='ocrx_word' id='word_1_221' title='bbox 902 3567 992 3631; x_wconf 84' lang='lat' dir='ltr'>quae</span> <span class='ocrx_word' id='word_1_222' title='bbox 1015 3550 1083 3614; x_wconf 90' lang='lat' dir='ltr'>hac</span> <span class='ocrx_word' id='word_1_223' title='bbox 1107 3549 1220 3630; x_wconf 89' lang='lat' dir='ltr'>dispu-</span> 
     </span>
    </p>
   </div>
   <div class='ocr_carea' id='block_1_3' title="bbox 100 3845 1221 4110">
    <p class='ocr_par' dir='ltr' id='par_1_5' title="bbox 100 3845 1221 4110">
     <span class='ocr_line' id='line_1_31' title="bbox 201 3845 1221 3912; baseline -0.003 -13"><span class='ocrx_word' id='word_1_224' title='bbox 201 3847 226 3911; x_wconf 91' lang='grc'>1)</span> <span class='ocrx_word' id='word_1_225' title='bbox 245 3847 353 3912; x_wconf 81' lang='lat' dir='ltr'>Scripsit</span> <span class='ocrx_word' id='word_1_226' title='bbox 381 3847 414 3896; x_wconf 86' lang='lat' dir='ltr'>de</span> <span class='ocrx_word' id='word_1_227' title='bbox 443 3847 578 3897; x_wconf 87' lang='lat' dir='ltr'>codicibus</span> <span class='ocrx_word' id='word_1_228' title='bbox 598 3845 696 3896; x_wconf 85' lang='lat' dir='ltr'>Zacher</span> <span class='ocrx_word' id='word_1_229' title='bbox 723 3847 751 3896; x_wconf 91' lang='lat' dir='ltr'>in</span> <span class='ocrx_word' id='word_1_230' title='bbox 778 3846 861 3898; x_wconf 86' lang='lat' dir='ltr'>libro:</span> <span class='ocrx_word' id='word_1_231' title='bbox 890 3845 1221 3912; x_wconf 82' lang='lat' dir='ltr'>„Pseudo-Callisthenes“</span> 
     </span>
     <span class='ocr_line' id='line_1_32' title="bbox 100 3947 233 4012; baseline -0.03 -12"><span class='ocrx_word' id='word_1_232' title='bbox 100 3947 233 4012; x_wconf 68' lang='lat' dir='ltr'>inscripto.</span> 
     </span>
     <span class='ocr_line' id='line_1_33' title="bbox 161 4041 823 4110; baseline -0.003 -14"><span class='ocrx_word' id='word_1_233' title='bbox 161 4046 164 4052; x_wconf 84' lang='lat'>&#39;</span> <span class='ocrx_word' id='word_1_234' title='bbox 191 4041 231 4108; x_wconf 75' lang='grc'>’2)</span> <span class='ocrx_word' id='word_1_235' title='bbox 249 4043 344 4110; x_wconf 83' lang='lat' dir='ltr'>Ideler,</span> <span class='ocrx_word' id='word_1_236' title='bbox 362 4045 470 4094; x_wconf 81' lang='lat' dir='ltr'>Handb.</span> <span class='ocrx_word' id='word_1_237' title='bbox 490 4043 515 4094; x_wconf 92' lang='lat' dir='ltr'>d.</span> <span class='ocrx_word' id='word_1_238' title='bbox 531 4042 713 4108; x_wconf 81' lang='lat' dir='ltr'>Chronologie</span> <span class='ocrx_word' id='word_1_239' title='bbox 730 4045 744 4092; x_wconf 98' lang='lat' dir='ltr'>I</span> <span class='ocrx_word' id='word_1_240' title='bbox 764 4041 823 4094; x_wconf 86' lang='lat'><strong>143.</strong></span> 
     </span>
    </p>
   </div>
   <div class='ocr_carea' id='block_1_4' title="bbox 0 0 1337 4242">
    <p class='ocr_par' dir='ltr' id='par_1_6' title="bbox 0 0 1337 4242">
     <span class='ocr_line' id='line_1_34' title="bbox 0 0 1337 4242; baseline 0 0"><span class='ocrx_word' id='word_1_241' title='bbox 0 0 1337 4242; x_wconf 95' lang='lat' dir='ltr'> </span> 
     </span>
    </p>
   </div>
  </div>
 </body>
</html>
