2642 4242
35 312 182 384 nemine
206 311 354 384 virorum
381 311 554 384 doctorum
587 309 664 382 data
689 319 792 406 opera
822 326 955 384 madum
980 313 1132 410 turpibus

37 415 232 486 oblivionis
268 429 300 498 et
326 414 538 484 obscuritatis
577 413 721 482 tenebris
759 413 924 506 hodieque
958 417 1131 496 delitescit.

37 518 181 586 Verum
215 514 303 586 enim
325 539 407 586 vero
434 529 533 584 totam
561 515 657 584 huius
685 514 752 584 riri
777 515 879 584 vitam
904 543 1071 612 «ponne
1097 537 1140 595 st·

39 645 220 703 enarrare,
240 643 341 710 quum
362 620 487 688 abhoc
507 621 583 688 loco
603 618 743 688 alienum
761 619 815 704 sit,
835 619 915 688 alibi
934 623 1132 700 huiooflioio

38 747 127 812 erga
153 721 353 813 Lagidarum
379 718 483 812 gentis
510 717 708 810 clarissimae
732 723 856 790 clarum
879 738 1047 794 auctorem
1073 751 1135 798 oo-

38 824 206 894 nabimur
226 822 424 904 satisfacere,
445 820 500 888 hic
519 845 603 892 vero
622 846 661 890 ea
679 821 836 890 duntaxat
852 823 1026 916 attigimus,
1047 852 1133 920 qnae

40 927 87 992 ad
138 928 360 996 Ptolemaeum
400 920 585 992 Alexandri
620 947 732 992 renim
762 922 956 1016 scriptoram
994 929 1133 1024 propius

43 1044 211 1120 spectare
230 1028 433 1100 ridebantur.
450 1063 493 1078 -
1037 1035 1040 1042 ·

152 1231 315 1314 Arrianus
336 1229 460 1324 .(praef.
482 1230 568 1324 Exp.
597 1227 713 1315 Alex.)
734 1227 816 1298 duas
841 1229 1048 1322 potissimum
1074 1259 1133 1306 n.

42 1333 162 1410 stenes
185 1333 321 1428 attulit,
334 1334 450 1424 quibus
471 1347 651 1402 commotus
670 1332 893 1402 Ptolemaeum
916 1359 959 1404 ex
980 1337 1133 1408 omuibus

43 1431 239 1504 Alexandri
265 1461 374 1505 rerum
394 1435 578 1529 auctoribus
599 1434 666 1502 fide
695 1433 921 1524 dignissimum
955 1441 1134 1512 censuerit:

46 1541 209 1622 alteram,
231 1537 321 1628 quod
342 1563 403 1606 rex
422 1535 537 1621 fuerit,
558 1535 593 1604 in
615 1560 682 1628 quo
704 1536 832 1629 turpius
860 1561 959 1628 quam
984 1540 1020 1608 in
1048 1567 1136 1634 quo-

45 1657 185 1730 cunque
204 1641 273 1708 alio
300 1637 505 1706 mendacium
531 1638 715 1720 vides-etun
744 1642 897 1724 alteram,
925 1642 1016 1733 quod
1041 1667 1135 1714 mor-

46 1756 112 1812 tuo
134 1746 202 1812 iam
219 1742 410 1810 Alexandro
423 1741 494 1834 eius
505 1751 566 1810 §es
584 1741 826 1832 consumpserit,
843 1767 945 1833 quum
965 1768 1136 1820 commen-

50 1858 175 1916 torum
200 1869 311 1936 neque
328 1841 501 1912 necessitas
511 1841 630 1936 'neque
649 1843 832 1936 praemium
850 1846 1056 1938 propositum
1079 1873 1136 1920 ea·

49 1963 117 2014 set.
161 1946 290 2031 Quodsi
317 1946 352 2014 in
376 1945 532 2036 cuiusque
556 1945 725 2037 scriptoris
745 1946 811 2015 fide
830 1948 1046 2021 examinanda
1064 1952 1137 2046 pria

47 2074 148 2119 mum
171 2049 394 2138 quaerendum
411 2063 476 2132 est,
497 2046 554 2115 ille
571 2071 650 2116 num
671 2045 705 2137 e't
723 2049 915 2140 potuerit
934 2064 967 2118 et
988 2056 1137 2124 uolua

48 2152 110 2220 rit
132 2171 212 2220 vera
234 2151 372 2242 posteris
390 2152 536 2218 tradere:
563 2163 699 2240 utraque
719 2150 869 2242 proiecto
889 2152 993 2220 virtus
1018 2154 1053 2223 in
1075 2181 1138 2225 ne·

49 2254 179 2322 minem
207 2254 311 2343 magis
339 2277 435 2346 quam
463 2252 684 2320 Ptolemaeum
716 2252 880 2323 convenit.
927 2255 1077 2351 Namque
1104 2259 1136 2330 si

51 2357 197 2426 bellator
218 2356 312 2439 belli,
333 2357 440 2424 socius
462 2354 563 2438 socii,
586 2353 709 2422 amicus
731 2355 828 2421 amici
844 2378 899 2424 res
922 2359 1048 2448 optime
1072 2383 1137 2435 ορ..

53 2461 165 2550 gnitas
187 2460 308 2526 habere
331 2443 582 2526 cousentaneum
609 2469 675 2521 est:
700 2456 773 2548 quis
791 2455 1012 2528 Ptolemaeum
1034 2487 1137 2555 nega=

51 2560 141 2629 verit
181 2558 362 2626 Alexandri
404 2584 456 2627 res
491 2573 596 2648 gestas
633 2583 714 2626 vere
750 2583 883 2626 narrare
917 2564 1136 2653 potuisse?

50 2661 187 2730 Deinde
208 2661 237 2728 si
256 2660 391 2748 inuidia,
411 2660 534 2746 odium,
555 2659 789 2731 adulationem
806 2661 970 2737 scribendi
989 2669 1136 2736 volun.

53 2764 134 2831 tati
161 2762 303 2832 maxime
316 2763 549 2855 refragantur:
593 2763 674 2854 quid
694 2764 735 2830 ab
757 2761 810 2830 his
835 2762 924 2850 vitiis
944 2763 1137 2857 Ptolemaeo

54 2865 194 2934 alienius
214 2865 300 2932 fuit?
320 2866 480 2933 Arrianus
500 2864 600 2956 igitur
617 2863 744 2932 tametsi
765 2862 800 2930 in
821 2865 1009 2934 universum
1028 2871 1138 2942 bonae

54 2993 174 3060 regum
194 2967 273 3035 fidei
293 2967 429 3057 nimium
453 2967 608 3060 ponderis
630 2967 774 3034 tribuere
795 2965 943 3053 videtur,
967 2965 1004 3037 in
1023 2969 1136 3042 Ptole-

56 3071 145 3140 maei
166 3071 253 3160 regis
269 3069 335 3144 fide
354 3069 528 3144 iudicanda
543 3068 793 3161 haudquaquam
811 3069 943 3156 fallitur,
964 3084 998 3138 et
1016 3071 1137 3146 iniuste

54 3169 324 3242 Sento-Crucius
345 3171 474 3254 (Eiram.
496 3171 575 3249 Crit.
592 3198 625 3263 p.
645 3174 716 3259 44.)
737 3170 785 3238 sic
805 3169 840 3238 in
857 3196 932 3241 eum
951 3171 1133 3248 invehitur:

56 3273 153 3360 „Les
173 3273 241 3342 nois
263 3274 408 3342 sont-ils
430 3274 517 3343 donc
537 3287 684 3364 exempta
704 3272 748 3342 de
775 3272 951 3366 prejuge's?
979 3275 1135 3350 L’amour

57 3391 88 3444 et
105 3379 138 3442 la
159 3371 257 3442 haine
277 3371 429 3476 n’agiten't
444 3376 484 3442 ils
500 3399 558 3467 pas
575 3380 648 3444 leur
669 3399 779 3460 coeur,
800 3389 832 3443 et
848 3377 998 3467 l’orgneil
1018 3405 1061 3448 ne
1081 3381 1162 3449 di:

55 3476 221 3568 rige-t-il
241 3503 301 3570 pas
321 3493 461 3548 souvent
480 3481 551 3546 leur
571 3479 705 3570 plume?
725 3477 892 3547 Ptolemae
913 3481 1000 3549 avait
1027 3507 1070 3550 eu
1090 3483 1135 3552 de

55 3582 174 3649 rivaux
195 3592 227 3646 et
247 3579 306 3646 des
328 3580 485 3666 ennemis,
507 3595 538 3648 et
557 3579 581 3646 il
601 3578 703 3646 fallait
720 3605 763 3648 en
783 3583 902 3672 parler.
944 3581 1135 3654 Alexandro

54 3683 133 3752 dtait
151 3695 254 3766 mort,
282 3683 364 3750 mais
391 3683 416 3750 il
444 3683 490 3750 lui
516 3682 684 3774 importait
709 3681 752 3750 de
778 3707 822 3750 ne
846 3708 905 3780 pas
934 3684 1075 3758 affasblir
1100 3689 1157 3760 la,

57 3785 162 3877 gloire
180 3785 289 3852 decet
311 3786 527 3879 conquirant:
556 3788 642 3856 aussi
660 3785 806 3879 pandit-il
826 3789 944 3859 l’avoir
962 3792 1134 3908 beaucoup
1265 3841 1268 3847 .

54 3885 252 3980 menagde.“
301 3889 356 3974 Ut·
381 3888 468 3956 enim
496 3889 729 3976 concedamus,
771 3891 959 3962 Ptolemaeo
987 3892 1149 3985 Alexan·¹

56 3992 109 4060 dri
131 3991 237 4060 amico
265 3994 409 4061 aemulos
437 4003 469 4059 et
497 3990 703 4060 adversarios
728 4016 796 4061 non
826 3993 986 4078 defuisse,
1018 4017 1134 4084 quam-

55 4121 151 4189 quam
173 4093 339 4165 neminem
358 4090 551 4186 interregis
572 4085 700 4162 amicos
729 4091 834 4188 magis
855 4118 954 4188 quam
972 4093 1141 4190 Lagidaml

1200 4184 1269 4196 n-
