2642 4242
598 142 774 195 „20-

122 321 254 389 tatione
284 330 365 383 sunt
394 329 534 400 reperta
564 320 638 383 sine
670 320 775 383 dubio
809 320 1052 401 perspiciatur,
1088 322 1153 384 ubi
1185 321 1253 383 sint

124 437 319 501 collocandi
342 438 474 519 primus
499 436 573 499 dies
597 437 729 500 mensis
753 437 854 516 Tybi,
879 445 1025 516 quartus
1040 437 1252 500 Pharmuthi

123 554 206 619 anni
240 554 304 617 356
329 563 363 616 et
387 553 451 617 323
475 552 670 616 secundum
692 553 804 615 fastos
827 552 1086 634 Aegyptionun
1112 554 1249 616 solares

122 687 246 751 vagos
272 670 331 750 qui
355 679 449 733 certe
470 670 583 750 redigi
597 678 747 750 possunt
763 668 808 731 ad
824 668 987 747 Iulianos,
1011 670 1247 750 exploremus.

122 786 348 869 respondisse
383 787 481 849 illum
515 786 615 849 Mart.
653 786 693 848 21
732 804 761 848 a.
798 786 874 864 356,
910 785 1003 848 hunc
1038 786 1110 849 Iun.
1152 786 1195 849 13
1219 805 1247 847 a

123 902 188 965 323
212 902 314 965 facile
339 911 569 982 computatur.
601 920 646 964 ex
670 901 815 966 arbitrio
845 910 961 964 ortum
985 920 1063 965 esse
1092 902 1248 983 positum

122 1018 158 1081 in
193 999 293 1081 Mart.
331 1017 382 1081 21.
425 1019 546 1099 quinta
579 1018 683 1081 huius
719 1018 975 1081 dissertationis
1020 1017 1246 1098 paragrapho

83 1126 86 1131 ’
123 1134 315 1213 ostendam,
341 1134 456 1199 exitus
479 1152 565 1197 vero
582 1143 720 1214 tempus
737 1134 782 1223 ad
797 1135 1016 1198 voluntatem
1032 1134 1247 1197 confundere

9 4136 81 4209 'x

123 1251 258 1313 auctori
280 1268 351 1313 non
375 1250 513 1313 licebat.
544 1250 618 1312 dies
642 1250 745 1328 enim,
770 1267 839 1329 quo
863 1250 937 1312 vita
960 1258 1037 1313 erat
1060 1249 1246 1313 defunctus

122 1365 336 1445 Alexander,
360 1368 470 1429 multa
485 1384 549 1447 per
565 1367 708 1429 saecula
736 1367 981 1430 celebrabatur
996 1365 1244 1444 Alexandriae,

123 1483 222 1545 cuius
245 1483 297 1545 rei
321 1483 421 1545 testis
445 1492 499 1545 est
523 1483 597 1562 ipse
621 1481 1018 1562 Pseudo-Callisthenes
1049 1499 1129 1544 cum
1152 1483 1245 1561 apud

87 1677 89 1679 η
122 1599 247 1662 Iulium
281 1598 464 1661 Valerium
498 1600 534 1661 in
568 1598 657 1661 libro
697 1600 868 1662 translato
907 1599 1046 1679 legatur
1080 1595 1140 1680 (ΠΙ
1174 1599 1243 1679 35);

123 1716 237 1778 obitus
268 1723 385 1777 autem
415 1714 508 1777 diem
538 1715 644 1777 etiam
673 1732 767 1777 nunc
790 1713 1028 1777 Alexandriae
1053 1714 1246 1777 sacratissi-

121 1849 217 1895 mum
240 1830 378 1894 habent.

229 1948 326 2027 Quas
350 1947 515 2011 celebrat'
492 1957 605 2010 tiones
630 1964 709 2009 esse
726 1947 904 2010 institutas
920 1946 1018 2009 iussu
1041 1945 1244 2025 Ptolemaei,

121 2063 343 2143 imperatoris
382 2062 586 2142 Alexandri,
633 2062 881 2143 Aegyptorum
918 2063 1024 2142 regiS,
1072 2062 1131 2141 qui
1163 2063 1245 2169 'ipse

121 2180 243 2259 paucis
279 2180 379 2242 annis
413 2189 493 2258 post
523 2178 655 2242 exitum
689 2179 785 2260 regis
815 2159 1032 2242 Macedonici
1065 2179 1246 2241 transtulit

122 2312 249 2375 corpus
278 2294 532 2358 Alexandriam
561 2295 657 2375 atqui
685 2295 733 2358 ibi
762 2293 1044 2375 splendidissime
1081 2293 1244 2374 condidit,

120 2428 333 2491 quamquam
344 2412 440 2474 nullo
454 2410 665 2473 affirmatum
677 2410 848 2474 habemus
862 2419 1022 2473 veterum
1034 2411 1246 2490 scriptorum

121 2536 339 2608 argumento,
380 2536 498 2590 tamen
528 2526 630 2589 facile
660 2535 699 2589 ut
728 2526 871 2589 credam
900 2543 1135 2589 commoveor.
1161 2527 1246 2590 item

121 2645 164 2707 ab
190 2643 314 2706 eodem
337 2643 539 2706 Ptolemaeo
564 2652 728 2723 quartum
756 2642 888 2710 mensis
911 2641 1118 2706 Pharmuthi
1141 2642 1245 2721 diem,

121 2777 225 2841 quem
237 2760 430 2839 ascriptum
442 2776 520 2823 esse
528 2758 834 2821 mortiAlexandri
846 2758 1246 2823 aPseudo-Callisthene

121 2892 228 2955 supra
250 2876 458 2955 invenimus
483 2876 528 2938 ad
551 2875 723 2953 historiae,
743 2874 848 2937 fidem
872 2893 951 2937 esse
967 2874 1135 2937 traditum
1150 2874 1246 2937 haud

121 2991 194 3054 scio
211 3010 256 3053 an
272 2992 348 3054 veri
365 2992 476 3055 simile
494 3008 573 3055 esse
595 2991 767 3055 videatur.
793 2991 887 3072 quod
903 2999 980 3054 utut
996 2999 1060 3069 est,
1085 2990 1247 3073 ignotum

120 3106 230 3171 luisse
254 3115 402 3188 tempus,
428 3125 497 3189 quo
522 3126 567 3171 ex
590 3108 665 3171 vita
689 3124 857 3188 egressus
881 3115 935 3170 est
958 3106 1175 3187 Alexander,
1210 3107 1246 3168 in

120 3224 217 3303 urbe,
254 3240 344 3304 quae
374 3224 418 3287 ab
448 3224 525 3304 ipso
560 3242 645 3304 rege
681 3232 757 3286 erat
792 3222 985 3302 aedificata,
1002 3230 1005 3237 “
1021 3223 1081 3287 ubi
1117 3240 1246 3303 corpus

119 3340 259 3403 iacebat
275 3340 450 3420 sepultum
465 3357 580 3419 neque
597 3341 669 3403 ulla
681 3339 856 3403 oblivione
869 3339 1053 3404 delebatur
1064 3340 1245 3417 memoria,

118 3456 260 3519 minime
276 3455 483 3542 persuaderi
497 3456 582 3519 mihi
597 3465 723 3538 potest.
742 3472 832 3536 quae
849 3473 929 3518 cum
944 3456 994 3518 ita
1010 3455 1089 3535 sint,
1113 3454 1188 3519 Iun.
1205 3455 1246 3518 13

120 3572 202 3636 anni
226 3572 300 3652 323,
326 3573 479 3636 animam
509 3572 660 3636 edidisse
683 3570 928 3635 Alexandrum
957 3572 1154 3635 certissimo
1177 3572 1246 3635 hoc

119 3688 319 3750 testimonio
344 3706 423 3751 esse
448 3688 714 3768 comprobatum
738 3688 910 3751 existimo.

226 3801 285 3864 Ad
313 3802 405 3866 hanc
434 3803 632 3882 opinionem
661 3803 731 3866 alio
766 3820 905 3884 quoque
945 3802 1102 3866 adducor
1143 3819 1245 3884 argu·

121 3924 248 3978 mento.
296 3916 674 3981 Pseudo-Callisthenis
698 3913 840 3981 codices
861 3916 952 3981 LBC
982 3936 1062 3981 cum
1086 3919 1244 3983 scribant

123 4028 166 4089 de
190 4030 286 4093 exitu
315 4040 351 4093 et
379 4040 494 4095 aetate
517 4031 713 4096 Alexandri
741 4033 830 4097 haec
858 4033 1023 4114 adiciunt,
1058 4051 1150 4114 quae
1173 4011 1246 4097 iam
