2642 4242
533 305 753 370 ..11-

99 482 293 549 Alexander
324 481 445 567 Tyrum
468 468 683 567 proficiscitur
707 482 797 569 (Arr.
824 482 869 550 Π,
899 484 950 563 15,
978 488 996 546 5
1022 490 1054 548 et
1073 482 1177 579 Diod„

100 592 223 662 XVII.
247 597 300 674 40,
320 597 353 676 2)
411 593 482 656 Rex
500 591 610 655 urbem
626 593 749 656 intrare
774 591 841 655 vuit
857 591 992 674 Herculi
1014 590 1172 655 sacrifica-

99 707 205 764 turus
225 700 315 786 (Arr,
335 700 380 771 [1,
400 701 449 781 15,
469 705 486 763 7
505 705 537 762 61
553 697 651 762 Diod.
670 702 723 778 40,
743 698 785 783 3),
811 697 889 780 Tyri
905 699 993 761 ilium
1012 699 1044 762 in
1061 688 1174 763 urbem

101 827 169 870 non
193 805 378 876 admittunt.
404 805 495 891 (Arr.
521 805 569 878 Π,
594 788 685 888 ‘litt'
711 804 998 892 6111161432),
1031 805 1174 872 Simnlao

101 932 180 977 vero
193 911 363 996 Tyriorum
380 935 570 1000 responsum
583 913 806 984 renunciatum
822 912 893 994 fuit,
918 934 975 978 rex
989 912 1174 994 indignatus

103 1022 380 1104 oppugnationem
404 1021 492 1087 urbis
517 1008 696 1091 constituit.
722 1018 812 1106 (Am,
836 1019 883 1083 Π.
915 1027 1001 1102 16,8
1026 1030 1058 1086 61
1086 1025 1172 1102 18,1

104 1128 423 1226 mmmmm.

196 1289 275 1374 'i'yri
291 1291 489 1374 oppugnatio
505 1290 670 1356 laboriosa
685 1289 820 1372 videtur,
838 1312 913 1354 nam
930 1298 962 1354 et
978 1281 1054 1354 urb's
1070 1290 1176 1356 insula

106 1406 176 1462 erat
201 1405 234 1462 et
257 1396 395 1480 altisque
419 1398 585 1462 moenibus
610 1399 699 1462 ouini
723 1406 878 1481 exparte
902 1398 1025 1462 munita
1045 1406 1081 1466 ,61
1097 1397 1175 1481 Tyri

105 1507 188 1570 mari
220 1505 392 1588 plurimum
426 1505 607 1588 pollebant,
646 1504 735 1587 quod
767 1525 918 1587 magnam
951 1505 1080 1569 navium
1112 1506 1175 1570 vim

106 1611 282 1682 habebant.
307 1610 399 1698 (Arr.
423 1612 471 1685 Π,
499 1618 548 1694 18,
567 1618 586 1677 2
605 1618 637 1676 61
652 1612 751 1684 Diod.
768 1617 821 1692 40,
838 1611 885 1697 4).
914 1609 1023 1694 Agger
1047 1633 1085 1675 ex
1102 1633 1175 1676 oon·

108 1719 223 1784 tinenti
247 1719 289 1783 ad
307 1718 418 1784 urbem
434 1719 572 1790 ducitur.
605 1720 729 1801 Magna
745 1720 790 1782 vis
815 1739 966 1782 saxorum
984 1718 1025 1782 ad
1044 1741 1175 1784 manum

108 1832 185 1891 erat.
232 1826 324 1912 (Arr.
349 1823 397 1898 ΙΙ,
424 1829 512 1908 18,3
538 1836 570 1893 61
594 1827 692 1899 Diod,
716 1833 771 1909 40,
796 1827 839 1912 5).

196 1987 376 2071 Postquam
401 2009 476 2052 vero
501 1987 543 2053 ad
568 1988 682 2054 urbem
708 1990 812 2072 ipsam
829 2009 979 2071 aggerem
1003 1987 1176 2071 appropin-

109 2102 250 2179 quarunt
266 2093 354 2187 Tyrii
379 2095 512 2162 diversis
534 2117 576 2188 ex
599 2096 747 2182 partibus
765 2096 963 2178 adnavigant
980 2101 1012 2160 61
1028 2095 1175 2160 difficilli-

109 2224 196 2267 mam
221 2205 347 2286 aggeris
373 2205 623 2278 exstructionem
646 2203 797 2269 reddunt.
832 2204 923 2283 (Arr,
949 2205 996 2275 Π,
1024 2208 1074 2285 18,
1095 2205 1118 2286 ,5
1144 2209 1176 2266 61

109 2308 207 2387 Diod,
231 2313 285 2392 42,
312 2311 352 2395 1).
400 2310 523 2392 Magna
547 2313 675 2395 aggeris
707 2333 783 2394 pars
812 2311 960 2384 diruitur,
1013 2309 1101 2394 (Arr.
1127 2308 1175 2379 Π.

112 2421 161 2498 19,
180 2422 198 2481 5
225 2423 257 2482 61
280 2417 378 2489 Diod.
403 2421 446 2484 42
474 2421 518 2498 5).
551 2417 623 2482 Rex
638 2440 755 2482 novum
772 2439 922 2501 aggerem
939 2418 1058 2482 exstrui
1075 2416 1173 2496 iubet,

110 2525 195 2588 omni
219 2525 320 2590 classe
343 2525 375 2587 in
393 2524 504 2590 urbem
521 2527 660 2609 navigat,
687 2525 775 2608 Tyrii
793 2525 948 2608 proelium
966 2526 1079 2589 navate
1094 2525 1175 2587 inire

110 2653 173 2696 non
198 2631 328 2698 audent.
361 2631 440 2696 Tres
466 2634 595 2700 omnino
621 2654 718 2698 naves
742 2632 924 2716 Tyriorum,
949 2652 1033 2715 quae
1058 2631 1100 2696 ad
1125 2653 1175 2695 ere

109 2747 227 2804 tremas
245 2725 354 2804 fauces
371 2741 497 2822 positae
515 2747 616 2822 erant,
635 2741 874 2822 demerguntur,
898 2739 986 2826 (Am,
1003 2739 1051 2803 11.
1070 2743 1121 2822 19,
1141 2744 1174 2817 63

110 2851 198 2929 20,9
234 2853 266 2912 61
298 2847 395 2918 Diod,
427 2851 481 2930 42,
508 2855 541 2912 6-
558 2854 592 2911 -7
601 2877 609 2935 3
642 2853 696 2931 43,
730 2846 841 2934 2-3),
888 2845 977 2929 Tyrii
1004 2845 1174 2910 nonnullas

109 2953 325 3019 Macedonum
342 2957 622 3038 navesimproviso
633 2954 875 3038 aggrediuntur.
899 2953 1088 3018 Alexander
1104 2973 1176 3017 num

109 3061 242 3126 navibus
264 3083 347 3149 quae
364 3061 502 3128 aderant
518 3063 560 3126 ad
577 3062 692 3146 Tyrios
716 3069 812 3145 portu
837 3084 984 3144 egressos
1001 3059 1175 3131 contendit,

110 3169 198 3252 Tyrii
231 3169 308 3233 velis
332 3171 430 3234 versis
455 3177 584 3252 portum
616 3176 745 3253 petunt3
779 3169 836 3234 sed
860 3169 1010 3235 extremis
1042 3167 1175 3231 navibus

110 3278 233 3341 amissis
257 3277 291 3340 in
309 3276 420 3341 urbem
436 3278 582 3350 redeunt,
607 3276 697 3364 (Arr.
715 3277 764 3348 ΙΙ,
790 3281 842 3360 21,
861 3284 880 3342 8
898 3300 985 3360 sqq.;
1011 3281 1063 3356 22,
1087 3279 1174 3338 4-5

110 3393 140 3450 61
163 3385 262 3449 Diod.
280 3389 333 3467 42,
360 3385 470 3471 3-4),
501 3385 583 3448 Pars
601 3384 763 3469 quaedam
779 3386 939 3449 moenium
955 3382 1175 3466 perfringitur,

109 3502 165 3558 rex
192 3494 327 3559 tentavit
355 3493 467 3558 urbem
501 3513 698 3575 oppugnare,
728 3493 817 3576 Tyrii
846 3499 954 3556 autem
978 3488 1175 3554 Macedones

110 3600 306 3684 repulerunt.
332 3598 422 3686 (Arr.
439 3601 487 3673 ΙΙ,
513 3605 564 3681 22,
587 3606 604 3662 7
630 3599 846 3681 6111161143,
871 3598 982 3683 4-5),
1018 3595 1175 3659 Admetus

109 3709 142 3772 in
156 3710 279 3792 impetu
297 3709 440 3791 quodam
457 3708 587 3776 interiit.
614 3707 703 3792 (Arr,
721 3705 767 3776 ΙΙ.
786 3711 838 3788 23,
857 3710 876 3772 5
894 3713 927 3770 et
944 3703 1042 3776 Diod,
1060 3708 1113 3785 45,
1132 3703 1175 3788 6).
1288 3785 1292 3792 .

110 3815 306 3881 Macedones
332 3824 364 3882 61
386 3838 444 3900 per
467 3815 592 3881 nudata
616 3813 704 3878 urbis
729 3814 833 3878 latera
856 3814 889 3877 in
913 3812 1026 3877 urbem
1048 3811 1176 3876 irruunt
1305 3800 1306 3803 ¹

112 3930 141 3994 et
156 3923 344 3994 Alexander
368 3945 439 3996 cum
463 3924 528 3994 suis
551 3924 584 3994 in
600 3943 726 3994 murum
744 3920 922 3991 descendit.
942 3918 1038 4011 (Arr.
1057 3919 1103 3988 ΙΙ.
1122 3922 1174 4003 23,

1173 4175 1282 4214 .-
