2642 4242
164 1575 301 1722 Quae
314 1613 364 1690 ad
380 1633 549 1691 arnnmos
562 1610 604 1686 in
619 1603 860 1712 philosophia
874 1603 1039 1688 honores
1052 1609 1130 1689 im-

53 1755 264 1855 petrandos
289 1747 594 1849 Amplissimo
619 1735 1015 1842 Philosophorum
1039 1745 1129 1823 Or·

55 1889 163 1962 dini
182 1909 206 1962 a
229 1885 340 1962 nobis
353 1882 491 1958 tradita
505 1887 562 1956 est
575 1874 857 1956 -oommentatio
880 1874 960 1972 „de
985 1901 1130 1984 aequa.

54 2021 164 2106 libus
177 2018 389 2096 Alexandri
397 2017 455 2109 Μ.
470 1993 603 2102 renam
615 2012 894 2113 scriptoribus“
919 2037 1037 2113 quum
1054 2017 1128 2091 du-

53 2156 152 2256 plex
184 2156 410 2255 sequeretur
446 2151 646 2229 eonsilium
683 2153 766 2224 erat
800 2147 995 2246 bipartito.
1058 2149 1130 2227 Ju-

53 2286 191 2364 venile
221 2287 328 2360 enim
357 2283 554 2382 ingenium
585 2288 626 2356 et
648 2279 751 2357 vires
775 2277 1057 2381 qualescunque
1086 2287 1130 2362 in

56 2443 108 2494 ea
139 2415 360 2518 quaestione
392 2411 618 2511 exercitari,
653 2437 707 2489 ex
738 2437 815 2513 qua
839 2422 922 2489 tum
951 2418 1001 2490 ad
1023 2419 1130 2496 litte-

54 2575 193 2628 rarum
210 2519 445 2629 Gmeoarnm
468 2548 667 2654 historiam
685 2555 769 2643 tum
792 2551 841 2624 ad
862 2549 1129 2634 Alexandmm

53 2711 153 2766 vere
186 2686 490 2788 cognoscendum
515 2691 554 2759 et
577 2682 821 2798 iudicandum
844 2685 989 2783 aliquid
1017 2711 1129 2768 emo-

53 2821 222 2896 lumenti
243 2826 372 2920 posset
394 2819 627 2917 redundare,
662 2820 784 2896 altera
807 2825 915 2919 parte
939 2821 1058 2899 vitam
1088 2833 1130 2902 et

53 2949 200 3057 scripta
235 2955 391 3068 illorum
414 2955 622 3056 scipionum
638 2951 918 3065 'termimum
942 2956 1063 3033 altera
1086 2960 1129 3036 in

38 3089 260 3169 eonsilium
283 3091 592 3190 ¹inquisivimus,
643 3091 747 3190 quod
785 3093 1042 3190 spectaverint
1085 3095 1128 3169 in
1204 3168 1208 3180 ,

53 3226 269 3302 Alexandri
288 3226 404 3330 nehus
415 3225 622 3302 ‘narrandis
640 3232 679 3301 et
697 3224 972 3301 existimandis.
1022 3225 1127 3305 Nen-

34 3369 154 3472 tram
167 3369 295 3442 autem
305 3362 565 3468 quaestionem
578 3354 907 3466 agg'ressisumus,
931 3358 1007 3434 nisi
1018 3348 1138 3460 post-¹

52 3519 172 3594 quam
190 3493 339 3594 singula
358 3515 494 3584 eorum
510 3494 723 3598 fragmenta
742 3492 943 3594 diligenter
965 3497 1124 3574 oolleeta

50 3639 91 3707 et
103 3632 323 3708 examinata
335 3631 551 3710 habuimus.
588 3633 706 3710 Citius
720 3631 877 3732 quidem
890 3625 1152 3714 commento?

51 3765 182 3858 tionis,
205 3780 321 3865 quam
330 3765 455 3842 addita
464 3737 768 3868 fragmentorum
776 3767 1000 3845 eolleetione
1014 3747 1136 3848 etinss
1281 3837 1288 3864 ,.

49 3901 321 4002 terpretatione
337 3904 574 4004 propediem,
592 3905 626 3981 si
639 3903 926 4000 Deusvoluerit,
941 3906 984 3980 in
994 3909 1122 4006 publi-

47 4059 137 4114 oum
168 4061 282 4118 rreum
296 4063 443 4124 ,elamore
467 4040 627 4139 edihni,
660 4063 746 4118 eam
768 4064 870 4116 nune
893 4041 1118 4142 particulam
1231 4028 1234 4033 ’
1274 4029 1284 4048 “
