2642 4242
575 122 751 175 ,13-

90 299 342 379 congruebant
364 297 597 362 Macedonum
620 315 761 362 menses
778 316 858 363 cum
873 300 978 362 lunae
1001 299 1222 364 revolutioni-

90 416 175 494 buS,
193 412 315 478 Octob.
334 415 373 477 13
386 414 646 478 attribuendum
662 423 717 477 est
735 414 870 478 initium
882 414 956 494 Loi,
981 422 1104 478 sextus
1116 415 1222 495 igitur

90 531 174 594 dies
209 531 313 594 huius
359 532 489 594 mensis
529 532 600 618 *suit
639 531 761 595 Octob.
802 533 841 595 19
888 533 947 596 ubi
988 533 1223 596 astronomica

89 647 234 712 ratione
279 648 390 711 fretus
436 648 471 711 in
517 650 631 712 lucem
678 667 757 711 esse
804 649 935 711 editum
980 648 1222 712 Alexandrum

91 763 281 826 contendo,

207 879 302 943 Inter
336 879 437 942 ludos
473 859 688 961 OlympicOS,
736 881 795 961 qui
829 881 916 944 liniti
951 891 1033 944 sunt
1071 888 1261 944 exeunte.

92 995 297 1076 Septembri
321 1005 356 1058 et
379 995 500 1059 Octob.
530 998 569 1059 19
593 996 690 1078 regis
714 997 807 1060 diem
830 999 984 1062 natalem
1009 1015 1222 1079 quamquam

91 1111 416 1192 praeterfluxertmt
440 1112 534 1175 circa
558 1111 684 1194 viginti
705 1112 790 1192 dies,
814 1114 956 1176 minime
972 1123 1090 1177 tamen
1106 1113 1221 1177 redar-

92 1228 218 1308 guitur
230 1228 315 1291 illud
326 1227 505 1290 Plutarchi
521 1237 556 1290 et
571 1228 695 1292 lustini
718 1230 965 1309 testimonium,
994 1247 1063 1310 quo
1080 1230 1221 1294 venisse

93 1346 225 1408 eodem
248 1345 322 1407 fere
346 1353 503 1425 tempore
528 1345 573 1408 ad
596 1354 735 1426 patrem
758 1344 954 1408 Alexandri
983 1327 1058 1409 tres
1080 1346 1221 1409 nuntios

92 1461 269 1524 iucundos
304 1470 558 1542 narraverunt‚‘
590 1479 673 1524 nam
702 1479 783 1524 cum
811 1463 877 1524 iter
905 1463 1152 1543 longissimum
1175 1463 1220 1525 ab

93 1575 262 1657 Olympia
286 1578 331 1640 ad
346 1577 591 1659 Potidaeam¹)‚
616 1578 676 1640 ubi
692 1586 775 1641 tunc
792 1587 868 1640 erat
883 1578 1074 1658 Philippus
1098 1578 1220 1641 nuntio

93 1702 193 1757 esset
217 1692 471 1756 conficiendum
494 1711 565 1756 non
588 1694 705 1757 minus
729 1703 809 1757 octo
833 1693 909 1756 dies
940 1693 1098 1756 consumi
1122 1712 1220 1774 opor-

92 1810 195 1872 tebat
210 1808 303 1871 unde
318 1808 413 1871 haud
429 1811 538 1872 multo
552 1819 741 1890 antequam
753 1811 962 1890 comperiret
975 1809 1219 1873 Alexandrum

91 1933 219 1988 natum
254 1925 296 1988 de
331 1926 479 1989 victoria
513 1927 549 1990 in
578 1926 669 1989 ludis
699 1926 893 2007 Olympicis
927 1935 1107 2006 reportata
1142 1926 1218 1989 fieri

92 2042 254 2122 potuisse
278 2042 464 2105 certiorem
486 2060 609 2123 regem
633 2051 910 2106 consentaneum
933 2051 1003 2109 est.v

426 2306 475 2379 11.
518 2308 585 2380 De
614 2305 733 2380 initio
762 2305 893 2402 regni.

204 2461 368 2543 Regnare
392 2463 508 2543 coepit
530 2461 735 2527 Alexander
758 2481 850 2526 anno
875 2463 1002 2526 aetatis
1018 2480 1104 2526 suae
1127 2463 1218 2526 vice-

95 2578 186 2641 simo
202 2577 307 2642 finito.
338 2579 467 2659 quade
484 2597 522 2642 re
535 2579 744 2643 Plutarchus
761 2584 805 2662 (v.
818 2579 874 2642 Al.
892 2580 960 2661 Ill:
985 2582 1146 2660 παρέλαβε
1162 2583 1219 2658 μὲν
1282 2646 1287 2654 ,

95 2695 158 2761 οὖν
173 2695 226 2774 ἔτη
243 2699 386 2776 γεγονὼς
410 2696 511 2762 εἴκοσι
534 2699 592 2776 τὴν
617 2699 791 2777 βασιλείαν.
825 2695 999 2759 Arrianus
1023 2695 1049 2778 (l
1069 2696 1113 2777 ll:
1139 2695 1220 2761 εἶναι

97 2814 133 2876 δὲ
156 2813 228 2876 τότε
257 2813 400 2892 ἀμφὶ·τά
423 2813 545 2877 εἴκοσιν
568 2813 630 2891 ἔτη,
665 2830 710 2874 ex
732 2812 788 2875 his
817 2820 923 2892 atque
952 2812 1020 2874 illis
1050 2828 1140 2892 quae
1175 2810 1220 2873 de

96 2927 192 3020 regis
222 2936 338 2991 aetate
369 2927 526 2990 exhibuit
554 2927 792 3008 Aristobulus,
828 2928 953 2991 eodem
981 2945 1113 3007 mense,
1149 2945 1219 3008 quo

96 3051 200 3106 natus
217 3052 281 3123 est,
309 3061 459 3125 regnum
475 3043 708 3123 occupavisse
723 3043 968 3106 Alexandrum
983 3043 1217 3124 concluditur3

97 3160 325 3239 quamobrem
348 3158 570 3224 interiectum
586 3160 794 3240 Philippum,
819 3160 929 3223 filium
944 3177 1067 3240 regem
1086 3160 1219 3222 factum

96 3291 217 3370 mense
242 3275 387 3341 Octobri
411 3277 493 3339 anni
516 3277 581 3340 336
611 3293 821 3356 persuasum
844 3277 968 3340 habeo,
997 3315 1033 3324 -
1066 3274 1218 3339 Veteres

96 3392 287 3472 scriptores
304 3392 407 3456 huius
427 3393 479 3455 rei
502 3411 617 3474 neque
641 3393 734 3456 diem
749 3410 863 3473 neque
888 3410 1046 3456 mensem
1061 3393 1217 3472 assigna·
1316 3428 1319 3437 ·

94 3517 224 3572 verunt
246 3509 314 3573 nisi
337 3509 591 3573 Eratosthenes
600 3514 634 3592 2),
664 3511 724 3591 qui
746 3511 858 3591 primo
883 3528 975 3572 anno
999 3495 1218 3589 Olympiadis

95 3625 309 3689 centesimae
332 3625 537 3690 undecimae
561 3627 682 3691 tribuit
704 3627 854 3707 Philippi
875 3627 971 3708 regis
989 3625 1216 3713 occisionem.

196 3841 222 3906 1)
243 3815 384 3893 intersunt
403 3844 471 3893 enim
490 3845 558 3894 inter
578 3845 727 3910 Olympiam
747 3852 773 3893 et
791 3843 945 3893 Potidaeam
969 3843 1028 3908 plus
1052 3843 1218 3908 septuaginta

96 3941 207 3993 miliaria
226 3943 382 4005 germanica.

203 4038 231 4106 2)
251 4041 332 4092 Clem.
352 4045 470 4093 Astrom.
490 4044 502 4090 Ι
521 4060 546 4108 p.
566 4042 627 4096 336.
648 4060 672 4095 v.
692 4043 823 4091 Clintonis
843 4042 904 4092 last.
924 4041 1034 4094 Hellen.
1054 4038 1114 4092 162.

1183 4185 1246 4198 A*
