2642 4242
585 257 783 322 ..8.-

152 431 340 518 fragmentis
368 435 508 520 exceptis
539 437 692 522 perierint
718 434 760 500 ad
783 433 951 500 historiam
985 435 1069 500 illius
1101 439 1221 502 aetatis

151 543 413 628 pertractandam
431 543 505 609 dam
524 544 583 609 nisi
599 542 741 608 lontibus
752 542 902 608 derivatis
912 544 1025 608 utinon
1035 565 1220 628 possumus.

151 649 235 718 Sunt
258 657 365 716 autem
395 650 446 714 hi:
479 649 641 718 Arrianus
673 652 706 714 in
739 650 872 715 anabasi
903 648 1084 716 Alexandri
1116 651 1137 724 1,
1169 653 1219 718 H.

153 761 204 840 15,
225 761 353 838 6-243
371 757 546 840 Diodorus
566 757 641 828 bibl,
658 756 732 827 hist.
749 756 770 828 l,
788 758 907 826 XVII.
917 762 1048 823 40--47
1058 783 1066 839 3
1084 757 1218 824 Curtius

150 865 170 936 1,
194 865 254 934 IV.
281 870 388 942 2-4,·
422 865 571 930 Justinus
603 865 623 935 l,
648 863 714 933 XI.
742 869 791 946 10,
825 869 865 931 10
888 887 975 949 sqq.;
1009 865 1218 948 PlutarcbnS,
1295 906 1296 925 2

149 971 245 1038 Alex.
271 995 297 1038 c.
323 978 365 1039 24
389 979 421 1037 et
445 978 485 1038 25
511 993 591 1055 quos
609 971 781 1055 scriptores
805 972 852 1038 ita
872 972 1066 1037 collocamus
1084 979 1116 1038 et
1132 975 1220 1037 inter
1295 1002 1296 1017 1

150 1103 184 1146 se
208 1102 441 1164 comparamur,
475 1079 567 1146 utin
598 1080 703 1144 altera
734 1088 828 1166 parte
851 1078 1022 1162 Arrianus
1056 1082 1088 1144 in
1112 1082 1221 1146 altera-
1295 1144 1296 1147 ,

150 1187 316 1254 Diodorus
349 1189 399 1269 sit,
435 1187 510 1251 dum
534 1173 664 1254 Curtius
698 1187 822 1253 medius
853 1191 937 1253 inter
969 1187 1150 1253 Arrianum
1184 1198 1219 1254 et
1295 1218 1296 1243 r

149 1294 330 1360 Diodorum
348 1300 405 1371 est,
424 1316 496 1359 cum
512 1294 621 1360 multis
638 1296 671 1358 in
687 1295 783 1360 rebus
800 1317 871 1359 cum
888 1301 1028 1382 utroque
1044 1306 1217 1378 congruat.

149 1401 300 1466 ‹lustinus
325 1409 357 1466 et
380 1383 574 1466 Plutarchus
598 1401 639 1465 ab
663 1401 806 1470 Arriano
832 1401 944 1467 Curtio
969 1402 1117 1468 Diodoro
1141 1426 1217 1486 par-

149 1510 205 1573 tim
230 1509 406 1575 abhorrent
429 1510 546 1593 partim
572 1529 642 1573 cum
667 1509 705 1572 iis
729 1517 919 1592 congruunt.
966 1510 1081 1574 Partes
1106 1518 1217 1574 autem

149 1617 346 1699 quaestionis
379 1623 509 1680 nostrae
542 1622 617 1680 sunt
649 1623 786 1699 septem:
819 1619 923 1700 prima
951 1617 991 1682 de
1016 1616 1159 1681 Arriano
1183 1626 1219 1682 et

148 1723 315 1804 Diodoro..
332 1724 434 1788 altera
452 1723 491 1787 de
516 1723 556 1788 (16
572 1723 685 1788 Curtio
703 1731 735 1789 et
751 1723 905 1806 Arriano,
930 1726 1028 1789 tertia
1052 1723 1218 1789 deOnrtio

148 1839 180 1895 et
196 1831 354 1913 Diodoro,
380 1840 497 1914 quarta
521 1831 560 1896 de
585 1832 681 1896 tertio
700 1832 839 1914 quodam
858 1831 961 1896 Curtii
978 1831 1077 1912 fonte,
1103 1831 1219 1913 quinta

148 1937 188 2001 de
212 1937 325 2004 Curtio
350 1945 381 2004 et
405 1938 547 2021 Justino,
573 1945 664 2003 sexta
688 1938 728 2003 de
751 1940 877 2003 ratione
902 1960 965 2025 qua
989 1938 1216 2004 0611166166-

146 2045 231 2111 tibus
256 2047 320 2110 suis
344 2067 420 2110 usus
445 2047 486 2111 sit
502 2047 638 2129 septima
660 2047 700 2112 de
717 2047 904 2129 Plutarcho,
930 2047 987 2111 sed
1013 2047 1053 2111 (16
1077 2047 1139 2133 hac
1164 2069 1218 2111 ex·
1294 2098 1295 2101 η

147 2160 250 2218 trema
273 2160 366 2236 parte
389 2155 481 2219 nobis
505 2156 569 2220 alio
593 2155 664 2220 loco
690 2155 909 2220 disserendum
934 2164 992 2226 est.

361 2313 429 2420 §t
488 2319 538 2399 De
567 2318 729 2400 Arriano
759 2323 799 2400 et
828 2320 999 2402 diodoro.

234 2459 396 2524 Arrianus
414 2467 446 2526 et
462 2460 637 2543 DiodoruS,
655 2468 805 2544 utsupra
822 2463 968 2546 diximus,
993 2466 1088 2529 in‘eis
1104 2465 1214 2547 rebus,

146 2589 228 2651 quas
253 2567 292 2630 de
310 2565 475 2632 obsidione
491 2566 569 2650 Tyri
585 2571 758 2635 memoriae
774 2572 988 2655 tradiderunt,
1014 2574 1107 2638 valde
1130 2576 1217 2640 inter

146 2696 179 2739 se
203 2674 412 2762 dissentiunt;
436 2674 524 2758 apud
540 2675 717 2742 Arrianum
742 2681 825 2744 enim
842 2682 1061 2746 narrationem
1084 2691 1216 2765 aparte

146 2782 365 2849 Macedonum
389 2783 574 2865 invenimus
601 2786 677 2851 dum
704 2793 827 2868 auctor,
853 2811 947 2873 quem
972 2789 1138 2854 Diodorus
1165 2813 1215 2855 se·

146 2891 265 2974 quitur,
291 2912 362 2954 cum
386 2889 479 2974 Tyris
504 2898 578 2966 stat,
626 2893 700 2976 Qua
723 2893 763 2959 de
787 2917 885 2960 cansa
908 2897 1068 2962 Arrianus
1092 2919 1215 2979 magua

144 2996 325 3062 Alexandri
341 2998 554 3064 admiratione
571 3009 751 3067 commotos
767 3005 875 3068 omnia
895 3027 943 3085 ea,
969 3026 1053 3088 quae
1076 3005 1215 3087 gloriam

144 3104 228 3186 regis
252 3105 407 3190 minuant,
432 3106 480 3171 vel
502 3108 616 3173 reticet
645 3109 696 3173 vel
721 3109 761 3172 de
783 3112 943 3178 industria
971 3119 1087 3183 mutat.
1118 3112 1214 3177 Nihi-

143 3210 282 3275 lominus
316 3211 489 3294 Arrianus,
525 3214 550 3278 si
582 3216 664 3298 eius,
695 3219 859 3300 scriptoris
890 3242 997 3285 rerum
1030 3219 1214 3292 Alexandri

145 3317 268 3400 Magni,
297 3319 454 3385 rationem
478 3320 643 3405 habemus
677 3326 786 3407 magni
817 3327 1036 3392 aestimandus
1061 3334 1118 3408 est,
1154 3328 1212 3391 sed

144 3425 305 3490 interdum
330 3426 399 3490 aliis
425 3427 567 3493 sontibus
591 3432 733 3514 suppleri
757 3440 789 3498 et
813 3434 930 3515 corrigi
953 3433 1058 3499 debet.

234 3531 374 3599 Multum
398 3535 439 3600 ab
464 3535 605 3603 Arriano
634 3538 790 3606 abhorret
814 3539 987 3604 Diodorus.
1031 3539 1094 3604 Sed
1121 3548 1212 3604 ante-

145 3659 241 3724 quam
266 3640 333 3705 eius
349 3641 566 3708 narrationem
582 3646 754 3729 inquiram,
778 3648 875 3712 liceat
889 3648 968 3711 mihi
982 3631 1087 3730 panea
1104 3647 1211 3714 dicere

145 3744 185 3808 de
210 3752 363 3829 tempore,
390 3771 452 3835 qno
469 3749 636 3816 Diodorus
653 3751 882 3818 bibliothecam
900 3777 993 3821 snam
1011 3755 1209 3838 conscripsit,

146 3856 178 3919 et
202 3850 367 3939 disputare
388 3858 500 3945 quanti
516 3857 682 3928 Diodorus
705 3880 812 3929 rerum
836 3863 974 3950 scriptor
990 3862 1211 3933 aestimandus
