2642 4242
10 407 157 476 uporum
176 387 327 460 rationes
340 381 504 475 co'nlndit,
525 415 624 482 quum
645 405 679 459 et
690 393 905 485 reliquorum
904 401 1043 492 scripto·

10 511 44 554 ιιι
67 490 256 560 testimonio
282 492 342 578 (cf.
367 487 443 560 Arr
474 517 525 585 ap.
553 495 647 563 Phot
672 496 756 564 cod.
777 498 882 566 XCII.
911 527 944 592 p
965 507 1039 572 215.

10 589 114 660 resch.
136 592 239 661 Diod.
267 593 404 678 XVIII.
424 619 452 662 c.
473 599 505 663 3.
526 596 614 664 Curt.
636 598 731 664 ch
754 602 821 683 10)
843 615 874 666 et
894 602 997 695 ipsa
987 631 1040 671 re-

10 719 41 758 m
63 709 229 784 gestarum
256 697 340 762 serie
361 696 538 764 certissime
559 699 740 782 evincatur,
770 702 828 766 has
853 707 1042 792 protincias

10 810 44 864 st
67 798 157 886 regis
185 810 321 865 mortem
349 822 414 866 non
436 801 585 868 Nearch'o
614 802 672 867 sed
694 753 869 892 Ahtigono
883 808 1040 894 evenisse,

10 897 25 961 i
48 899 148 965 etiam
167 893 343 992 superstite
343 891 549 968 Alexandro
555 919 643 1002 post
648 903 845 972 Nearchum
865 929 919 973 eas
936 910 1040 975 admi·

10 1002 192 1068 strabat.-
232 1003 362 1071 Praeter
382 1005 542 1087 Iustinum
562 1005 629 1073 duo
650 1009 873 1077 tantummodo
901 1009 1050 1100 scripto!

10 1127 21 1168 s
41 1104 173 1171 Curtius
195 1122 226 1173 et
252 1106 453 1174 Diodorus'
442 1122 527 1182 mter
545 1107 726 1202 Alexandri
745 1133 947 1177 successores
965 1114 1040 1179 bre-

10 1229 53 1270 ‚er
74 1207 259 1289 Nearchum
289 1209 469 1298 attigerunt.
511 1212 629 1278 Altero
656 1210 744 1277 euim
763 1226 843 1278 teste
868 1213 974 1297 (Curt.
994 1216 1040 1283 X.

10 1313 61 1374 6
90 1312 203 1386 610.
224 1309 315 1400 sqq)
339 1312 520 1408 Nearchus,
547 1337 648 1407 quum
678 1312 719 1378 de
739 1312 833 1402 regui
854 1337 1040 1383 successore

11 1411 125 1496 gendo
153 1415 363 1479 vehementer
383 1413 564 1479 Alexandri
590 1413 689 1479 duces
710 1426 742 1478 et
763 1413 858 1478 amics
849 1413 1041 1532 discepta-

10 1523 56 1592 nt,
92 1513 288 1601 pertinacius
318 1526 429 1580 contra
435 1513 599 1603 reliquos
626 1539 699 1580 eam
727 1515 916 1583 senteutiam
942 1518 1041 1584 tuitus
1069 1579 1072 1583 .

26 1664 35 1692 ,
10 1613 269 1692 t„Alexandri
282 1615 384 1681 modo
398 1614 587 1702 sanguinem
604 1637 643 1680 ac
654 1614 787 1705 stirpem
800 1617 909 1707 regiae
922 1619 1041 1684 maies-

10 1713 25 1778 i
46 1715 232 1782 convenire.
277 1717 427 1784 Ceterum
442 1717 621 1808 exspectari
636 1718 781 1784 nondum
796 1728 902 1786 ortum
916 1746 1039 1810 regem,

23 1818 81 1906 qui
101 1820 165 1882 iam
185 1819 227 1884 sit
246 1818 433 1908 praeteriri,
465 1843 525 1885 nec
548 1818 661 1884 animis
683 1819 900 1888 Macedonum
921 1847 1042 1890 conve·
1066 1903 1069 1907 ¹
1160 1896 1162 1900 Α

10 1943 41 1984 re
69 1943 131 1984 nec
157 1920 299 2010 tempori
327 1921 444 1985 re'rum.
510 1916 590 1984 Esse
617 1920 793 1986 eBarsine
820 1922 920 1990 filium
942 1925 1041 2013 regis,

10 2020 46 2086 lic
70 2019 220 2089 diadema
242 2017 422 2082 dandnmfl
467 2018 573 2102 Quam
587 2019 726 2098 Nearchi
739 2022 928 2087 sententiam
944 2045 1041 2089 nemo

10 2119 158 2203 irabitur,
180 2145 237 2208 qul
228 2119 400 2184 Barsines
416 2081 492 2184 etM
477 2120 615 2213 lentoris
626 2120 774 2184 filiam
745 2145 776 2184 er
792 2138 922 2210 nuptam
941 2122 1043 2211 fuisse

10 2222 130 2298 emipit.
187 2220 324 2292 Maioris
353 2221 507 2286 momenti
530 2219 570 2282 ad
591 2222 807 2308 posteriorem
827 2222 967 2288 Nearchi
995 2207 1043 2288 ti·
1097 2260 1100 2263 ·

10 2351 35 2392 n
51 2321 313 2412 cognoscendam
328 2337 373 2386 est
388 2321 531 2388 Diodori
544 2319 634 2387 locus
655 2318 760 2401 (XIX.
777 2346 805 2388 c.
822 2325 874 2388 19.
891 2323 932 2388 cl.
949 2318 1043 2388 Man-

10 2442 52 2492 rt.
75 2427 159 2490 hist.
170 2441 312 2490 success.
329 2423 425 2488 Alex.
440 2448 471 2512 p.
488 2425 594 2509 Mb),
613 2423 670 2488 ubi
691 2421 843 2500 traditum
866 2439 928 2506 est,
950 2425 1045 2492 brevi

10 2543 44 2593 te
75 2517 331 2592 cruehtissimum
359 2525 517 2614 praelium
542 2523 612 2608 (Ol.
641 2525 761 2592 CXVI.
792 2527 856 2608 1.,)
889 2551 954 2637 quo
975 2527 1045 2592 Eu-

10 2653 83 2700 enes
106 2643 216 2719 captus
239 2643 286 2696 est
305 2641 336 2694 at
355 2625 540 2708 trucidatus,
560 2626 779 2718 Antigonum,
795 2651 863 2716 per
884 2614 1043 2694 Cdssaeos
1075 2696 1077 2703 ,

21 2732 169 2798 Mediam
191 2723 349 2822 Pythonis
370 2729 572 2820 provinciam
600 2729 710 2794 redire
737 2743 902 2810 coactum,
932 2729 1050 2816 copia-.

10 2861 44 2900 ιιι
72 2849 197 2924 partem
221 2834 376 2923 Nearcho
403 2856 464 2921 per
488 2845 614 2898 montes
640 2833 675 2895 in
697 2825 841 2896 Mediam
862 2779 1054 2924 discendam

10 2937 155 3026 uidisse.
203 2935 301 3022 Unde
323 2935 500 3022 colligitur,
525 2931 811 3019 turbulentissimis
832 2924 1044 3022 temporibus,

10 3041 92 3106 tibus
113 3038 297 3126 Antigonus
318 3051 349 3102 et
368 3038 528 3104 Eumenes
548 3034 641 3102 vario
655 3033 759 3100 Marte
780 3034 827 3098 de*
842 3029 968 3099 summa
988 3059 1044 3099 re·
1076 3093 1077 3096 ,
1132 3078 1135 3083 ,

10 3167 45 3206 nn
67 3139 102 3204 in
122 3137 203 3204 Asia
222 3152 400 3219 certarent,
411 3137 601 3202 Nearchum
615 3136 655 3200 ab
678 3133 835 3224 Antigoni
851 3133 954 3201 fuisse
968 3159 1045 3225 par·

10 3267 68 3306 ms.
142 3234 315 3306 Praeterea
340 3263 446 3338 neque
480 3237 566 3328 apud
595 3235 780 3303 Diodorum
814 3259 920 3326 neque
959 3234 1047 3325 apud
1147 3274 1159 3300 .

10 3345 75 3410 inm
103 3365 298 3429 quemquam
329 3341 522 3430 scriptorem
547 3339 588 3405 de
615 3337 755 3420 Nearchi
782 3337 849 3406 vita
873 3337 1045 3428 quicquam

10 3456 257 3510 tmemoratum
271 3444 311 3523 ¹).

78 3544 218 3610 Nearchi
238 3541 304 3609 vita
319 3540 465 3632 exposita
485 3539 580 3629 ad'
550 3565 619 3607 erus
630 3537 751 3628 scripta
766 3537 841 3605 licet
853 3535 1045 3624 transgredi.

10 3663 53 3716 ost
76 3655 200 3711 acutam
216 3641 302 3734 'pvero
324 3658 357 3710 et
377 3645 505 3712 doctam
522 3642 687 3712 Vincentii
708 3639 965 3708 dissertationem
986 3642 1060 3704 eo-'

77 3765 283 3776 a-*m-

78 3816 105 3880 l)
124 3811 227 3868 Nescio
248 3831 304 3887 quo
325 3829 421 3866 errore
436 3812 542 3866 factum
561 3811 613 3880 sit,
628 3822 659 3866 ut
670 3809 781 3865 Fabric
798 3807 872 3864 Bibl
887 3810 933 3862 Gr.
953 3811 1044 3878 111..p
1092 3840 1094 3843 -
1137 3797 1141 3805 ⁴
1183 3829 1208 3881 ,-

10 3899 221 3954 .Phitostrato
237 3905 308 3950 teste
321 3896 503 3952 Nearchum
495 3914 526 3951 ιιι
543 3897 649 3969 oppido
663 3891 770 3951 Pettala
785 3911 874 3965 prope
888 3893 924 3946 ad
939 3891 1047 3952 Indum
1175 3887 1182 3904 ‘

10 3989 114 4060 pultum
132 3981 306 4054 perhiberet.
339 3980 424 4054 Apud
441 3980 640 4040 Philostratum
655 3979 734 4038 enim
748 3977 822 4034 nihil
832 3972 949 4048 prorsus
961 3993 996 4035 en
1009 3975 1046 4030 de

23 4067 136 4141 legitur.
152 4093 186 4106 ·-

785 4133 808 4200 3
821 4125 848 4172 tr
