2642 4242
17 4118 97 4210 Χ

579 229 851 331 -sslo-

155 422 211 490 Sin
244 432 352 490 autem
388 446 459 490 cum
486 426 607 492 Holmo
635 428 818 494 Broeckero
842 429 1011 495 Raukenio
1036 431 1155 497 Everte
1185 434 1217 497 in

154 533 290 597 Diodori
307 540 415 616 partes
431 534 651 616 transgredior
667 537 698 599 iu
716 557 754 599 ea
770 545 862 618 parte
879 537 1103 620 bibliothecae,
1130 562 1214 622 quae

153 642 270 706 attinet
298 641 339 704 ad
369 641 567 706 obsidionem
591 641 679 724 Tyri,
711 644 743 705 in
774 651 946 724 angustum
979 647 1081 716 venio.
1128 646 1214 711 Nam

153 769 225 812 cum
242 733 459 812 narrationem
484 748 523 812 dc
540 747 625 831 Tyro
651 758 839 832 oppugnata
863 758 895 815 et
918 756 1015 834 capta
1038 753 1126 836 apud
1142 754 1220 817 Dio·

153 854 268 920 dorum
293 876 371 920 cura
399 861 431 920 et
465 854 631 939 diligentia
655 857 871 922 examinemus
905 846 1040 940 eamque
1074 880 1147 926 cum
1170 862 1218 943 iis,

153 984 236 1046 quae
258 962 419 1027 Arrianus
444 970 476 1027 et
500 961 630 1028 Curtius
659 963 699 1027 de
723 964 836 1028 eadem
863 985 898 1027 re
921 969 1096 1031 memoriae
1120 968 1218 1032 tradi-

153 1071 278 1155 derunt,
291 1078 441 1135 accurate
451 1091 672 1152 comparemus
683 1071 890 1138 statuendum
903 1073 994 1136 nobis
1006 1081 1064 1156 est,
1080 1074 1221 1140 Diodori

152 1179 341 1243 relationem
366 1200 569 1261 nequaquam
586 1180 789 1261 perspicuam
814 1201 893 1263 esse,
940 1180 1109 1246 Diodorus
1134 1183 1217 1245 enim

152 1285 296 1350 homines
321 1291 353 1349 et
376 1306 427 1348 res
444 1284 621 1366 confundit,
646 1306 711 1349 uon
726 1308 832 1369 pauca
849 1288 969 1352 omittit
992 1295 1024 1352 et
1039 1290 1073 1351 iu
1090 1296 1218 1354 contra-

152 1392 266 1456 hendis
291 1391 432 1456 fontibus
461 1392 576 1476 quibus
609 1393 711 1457 utitur
742 1415 854 1474 graves
889 1415 1013 1458 errores
1047 1397 1218 1466 commisit.

154 1497 226 1579 Qua
251 1499 290 1563 de
315 1520 412 1562 causa
435 1520 528 1563 nemo
549 1505 606 1580 est,
637 1501 692 1582 qui
715 1500 759 1564 Di
776 1500 891 1564 dorum
918 1501 1006 1584 quod
1030 1504 1153 1568 attinet
1177 1503 1217 1567 ad

153 1609 237 1672 hanc
259 1614 385 1690 partem
401 1605 615 1671 bibliothecae
632 1607 767 1690 laudet„
780 1609 905 1672 etiamsi
921 1629 1045 1674 errores
1062 1611 1219 1695 quosdam
1234 1677 1237 1686 ,

153 1718 219 1779 eius
243 1714 325 1778 fonti
349 1715 424 1778 vitio
450 1713 528 1780 dare
545 1713 706 1785 debemus,
753 1714 896 1780 Tantum
914 1717 1015 1797 abest,
1041 1720 1078 1781 ut
1093 1717 1219 1783 Diodo·

152 1845 222 1886 rum
246 1823 308 1887 hoc
331 1822 402 1887 loco
418 1821 586 1886 laudemus
610 1827 646 1886 ut
671 1844 742 1886 eum
767 1823 860 1888 vaide
880 1822 1127 1905 vituperandum·
1152 1847 1220 1890 esse

153 1934 348 2002 censeamus,
395 1928 551 1994 Narratio
576 1931 660 1994 enim
685 1929 724 1993 de
748 1929 834 2013 Tyro
864 1933 910 1994 ita
934 1932 1068 1994 confusa
1092 1938 1152 2015 est,
1185 1938 1220 1996 ut

152 2060 203 2102 res
235 2039 268 2101 in
302 2038 467 2102 obsidione
499 2044 605 2120 gestas
638 2038 820 2120 perspicere
841 2060 1061 2120 nequeamus,
1118 2038 1219 2124 Apud

153 2147 334 2212 Diodorum
363 2147 456 2228 enim,
485 2154 522 2210 ut
550 2152 639 2210 certa
664 2146 858 2226 omittamus,
890 2167 973 2228 quae
1002 2154 1034 2210 et
1057 2146 1218 2213 Arrianus

153 2263 185 2320 et
201 2253 331 2320 Curtius
349 2254 549 2336 confirmant,
575 2253 672 2318 modo
689 2261 841 2336 portenta
865 2276 903 2318 ac
920 2254 1078 2318 miracula
1101 2255 1219 2320 iuveni-

153 2370 260 2444 untur‚
285 2370 454 2446 praeterea
477 2361 555 2425 talia
579 2360 668 2426 facta
692 2383 775 2443 quae
791 2363 966 2445 praecipue
989 2362 1153 2443 pertinent
1178 2360 1218 2425 ad

152 2493 203 2536 res
226 2474 259 2536 in
281 2451 352 2554 ipsa
376 2469 546 2552 Tyriorum
570 2470 659 2550 urbe,
684 2472 714 2534 in
740 2471 851 2552 primis
874 2469 1026 2552 remedia,
1053 2492 1138 2552 quae
1163 2469 1217 2534 ob·

151 2583 228 2645 sessi
252 2582 284 2644 in
300 2579 519 2644 defensionem
535 2579 779 2660 comparabant,
812 2577 958 2660 Quarum
974 2599 1081 2642 rerum
1099 2584 1211 2642 auctor

152 2711 214 2772 quo
239 2688 403 2753 Diodorus
428 2685 479 2750 hic
503 2687 605 2751 utitur
629 2686 717 2750 haud
750 2689 880 2770 ignarus
905 2693 963 2768 ost,
998 2691 1097 2768 atque
1129 2682 1214 2749 haud

152 2796 247 2861 dubie
271 2794 313 2860 ad
336 2795 497 2862 hominem
522 2799 659 2876 spectat,¹
687 2796 816 2880 quires
843 2795 875 2857 in
900 2794 979 2857 urbe
1002 2794 1073 2875 ipsa
1099 2792 1214 2858 occulis

151 2905 215 2967 suis
246 2903 334 2974 vidit,
380 2901 542 2984 Imprimis
577 2899 706 2982 quidem
739 2901 881 2966 similiter
914 2922 952 2964 ac
982 2901 1018 2963 in
1052 2899 1215 2964 obsidione

151 3010 337 3076 Thebarum
360 3007 532 3072 assiduitas
551 3003 590 3072 ¹et
605 3008 705 3072 virtus
722 3007 894 3090 Tyriorum
917 2996 1135 3093 praedicatur,
1160 3003 1214 3070 sed

151 3124 273 3199 auctor,
299 3139 363 3201 quo
379 3116 544 3180 Diodorus
568 3116 630 3180 hac
653 3116 686 3179 in
709 3122 802 3198 parte
818 3117 929 3200 utitur,
951 3115 1041 3179 haud
1066 3137 1144 3179 sane
1169 3117 1215 3206 ost

152 3225 351 3290 obtrectator
367 3222 587 3291 Macedonum
610 3222 803 3309 virtutis29),
837 3223 910 3306 Qua
939 3222 979 3286 de
1004 3243 1102 3286 causa
1126 3219 1214 3284 nobis

150 3353 339 3415 persuasum
356 3337 404 3394 est
421 3338 595 3411 auctorem,
614 3351 710 3412 quem
719 3329 885 3394 Diodorus
902 3329 963 3393 hoc
979 3329 1051 3392 looo
1062 3329 1214 3411 sequitur,

152 3440 219 3503 sine
242 3439 291 3502 ira
315 3449 356 3507 et
380 3436 486 3501 studio
510 3457 669 3501 narrasse.
718 3438 772 3503 Ex
805 3438 849 3501 eis
883 3457 966 3519 quae
991 3434 1153 3498 Arrianus
1185 3436 1215 3492 et

151 3545 316 3610 Diodorus
349 3545 388 3608 de
422 3543 663 3627 oppugnatione
697 3543 775 3626 Tyri
797 3544 979 3607 memoriae
1013 3540 1215 3604 tradiderunt

151 3653 295 3737 separari
311 3659 447 3736 possunt
462 3652 552 3731 haec,
578 3651 694 3734 quibus
711 3650 751 3714 de
768 3673 833 3714 una
850 3649 1027 3733 eademque
1043 3671 1078 3712 re
1096 3647 1214 3731 agitur:

1128 3854 1147 3883 't

223 3921 256 3992 ²⁰)
276 3923 310 3979 of.
329 3922 412 3984 Diod..
431 3908 528 3982 XVII,
548 3921 590 3990 45,
611 3925 626 3975 6
646 3925 675 3974 et
693 3919 736 3991 46,
756 3921 780 3973 2.

820 4141 894 4189 Ν
