2642 4242
599 291 814 352 „45.„.

167 479 387 554 congruentes
419 467 565 532 Curtium
599 490 638 530 ex
671 468 767 530 tertio
802 466 942 548 quodam
975 466 1064 529 fonte
1097 465 1240 530 hausisse

165 586 335 664 putamus,
382 578 481 643 Hunc
503 576 635 642 tertium
665 575 787 639 iontem
812 574 942 640 Curtius
967 582 1093 640 secutus
1119 583 1167 640 est
1190 575 1239 639 his

167 688 270 758 loeis:
296 709 334 751 ac
357 689 494 770 primum
512 684 641 767 quidem
665 685 696 746 in
720 684 781 750 IV.
800 687 829 770 2,
848 689 876 766 3,
901 683 955 748 nbi
977 685 1092 766 agitur,
1120 684 1240 770 quade

169 817 273 860 causa
296 794 484 859 Alexander
500 792 621 876 Tyrum
644 791 809 874 profectus
833 793 884 862 sit,
931 792 991 858 Ait
1014 793 1097 856 enim
1121 815 1239 875 regem,

166 914 209 968 ut
232 903 266 967 id
289 903 419 984 faceret,
446 904 541 967 etiam
566 899 696 964 oraculo
721 900 877 964 monitum
902 922 980 964 esse.
1030 900 1082 967 Ad
1103 901 1240 966 eundem

167 1011 294 1075 fontem
317 1010 537 1080 revocabimus
554 1007 643 1089 illud,
671 1007 757 1090 quod
774 1007 903 1073 Curtius
924 1008 985 1076 IV.
1012 1015 1041 1090 2,
1068 1015 1086 1071 6
1111 1016 1238 1074 narrat:

166 1119 296 1200 legatos
313 1119 434 1202 Tyrum
450 1140 594 1182 reversos
611 1118 733 1182 amicos
750 1138 879 1181 monere
896 1119 1047 1200 coepisse,
1070 1123 1106 1182 ut
1120 1140 1238 1200 regem,

169 1247 271 1308 quem
283 1225 445 1291 Phoenice
464 1227 648 1308 recepisset,
667 1225 727 1307 ipsi
745 1244 873 1308 quoqne
889 1223 1001 1288 urbem
1014 1225 1136 1296 intrare
1152 1232 1240 1308 pate-

165 1340 293 1398 rentur.
333 1335 489 1399 Fortasse
513 1341 606 1417 putos
624 1333 771 1397 Curtium
794 1334 898 1413 ipsum
923 1333 1002 1397 haec
1022 1333 1160 1416 tinxisse,
1185 1333 1240 1416 qui

168 1441 302 1523 quidem
327 1449 359 1507 et
376 1445 478 1506 minas
496 1441 675 1506 Alexandri
696 1440 855 1505 rhetorice
870 1442 1098 1523 composuerit,
1124 1441 1239 1523 quibus

167 1548 272 1631 Tyrii,
297 1557 334 1614 ut
358 1571 431 1614 cnm
447 1551 638 1633 reciperent,
664 1555 877 1619 moverentur,
924 1547 990 1612 Sed
1013 1548 1096 1612 hanc
1119 1549 1239 1630 opinio-

165 1678 244 1720 nem
268 1657 479 1743 comprobarc
510 1679 576 1720 non
609 1678 789 1742 possumne,
822 1678 892 1719 cnm
926 1663 1040 1740 postea
1071 1656 1239 1720 occasione

167 1764 249 1828 d'ata
265 1772 379 1829 contra
392 1763 581 1829 Kaerstium
599 1763 726 1848 saepius
738 1762 958 1827 demonstrare
974 1763 1065 1826 nobis
1082 1763 1114 1826 in
1132 1763 1239 1826 animo

166 1871 395 1952 sit,Ou1·tium
417 1873 524 1956 ipsum
550 1862 647 1934 ,nulla
670 1872 756 1935 sacta
779 1871 909 1935 finxisse
938 1892 1074 1954 eumque
1099 1892 1136 1934 ea
1159 1871 1238 1952 ipsa,

168 2000 256 2060 quae
285 2002 351 2044 non
378 1981 563 2045 verisimilia
595 2002 664 2044 esse
692 1980 872 2062 uideantur,
907 2001 945 2042 ex
976 1979 1065 2044 fonte
1100 1977 1239 2061 quodam

165 2085 328 2158 hausisse,
375 2087 480 2170 Quam
505 2088 546 2152 oh
572 2109 640 2152 rcm
664 2087 725 2151 hoc
750 2109 877 2169 quoque
900 2088 971 2152 loeo
995 2093 1075 2170 puto
1092 2085 1239 2151 Curtium

167 2196 310 2276 quaein
334 2197 390 2279 §a
414 2204 549 2262 narrata
575 2203 659 2280 sunt,
685 2220 723 2260 ex
747 2199 842 2262 tertio
861 2196 1000 2278 quodam
1022 2195 1110 2259 fonte
1135 2216 1239 2259 excer-

165 2303 265 2388 pisse.
312 2304 406 2369 Idem
423 2305 615 2370 concludere
632 2304 784 2368 debemus
806 2307 854 2387 iis,
881 2326 962 2387 quae
980 2301 1110 2367 Curtius
1128 2309 1239 2366 narrat

145 2451 150 2454 -
166 2411 206 2474 in
222 2409 263 2497 ἐξ
275 2418 360 2478 7-8
379 2413 419 2476 de
436 2411 561 2495 Africo,
587 2414 618 2476 in
637 2416 656 2496 ς’
670 2415 709 2478 11
728 2413 897 2496 delegatis
915 2412 1237 2493 Carthaginiensium,

165 2519 204 2581 in
215 2518 233 2602 ἓ
249 2521 288 2583 13
305 2518 345 2583 de
358 2527 512 2603 portento
524 2521 664 2603 quodam
677 2521 762 2604 apud
774 2520 898 2604 Tyrios
911 2541 974 2603 quo
987 2521 1057 2585 loco
1068 2520 1117 2583 his
1134 2519 1238 2583 verbis

164 2625 288 2689 utitur:
307 2629 491 2710 „sanguinis
509 2630 567 2692 rivi
584 2629 642 2693 sub
659 2629 737 2712 ipsis
746 2626 884 2694 flammis
895 2630 1039 2693 extitisse
1051 2627 1236 2692 dicuntur“:

163 2730 266 2818 idque
289 2755 383 2798 omen
406 2735 439 2799 in
455 2735 674 2801 Macedonum
691 2744 811 2801 metum
828 2743 994 2801 verterunt
1011 2733 1108 2819 Tyrii.
1142 2733 1237 2817 Quod
1265 2775 1267 2780 -

163 2847 367 2924 portentum,
394 2843 537 2908 utillud
562 2834 700 2928 quoque,
726 2846 814 2928 quod
841 2846 874 2908 in
899 2847 977 2928 §14
1000 2849 1162 2925 narratur,
1196 2841 1238 2906 ad

165 2947 255 3013 idem
280 2950 405 3014 factum
431 2959 576 3034 spectare
599 2952 677 3016 mihi
701 2953 868 3018 verisimile
893 2960 949 3017 cst.
998 2951 1090 3034 Quae
1107 2951 1238 3017 Curtius

163 3057 204 3120 in
227 3060 246 3141 ξ
271 3061 312 3124 15
337 3059 439 3123 refert
463 3081 536 3123 cum
560 3060 704 3125 Arriano
734 3061 781 3133 Π,
807 3065 859 3143 24,
894 3067 912 3124 3
947 3061 1092 3126 conferre
1124 3061 1236 3144 possis,

164 3162 228 3228 sed
251 3164 339 3248 apud
363 3164 512 3230 Curtium
536 3189 586 3230 res
611 3167 706 3252 plane
730 3175 872 3233 mutatae
897 3176 981 3241 sunt,
1013 3169 1106 3234 Haec
1130 3178 1238 3233 autem

162 3273 305 3339 mutatio
323 3292 390 3336 non
407 3273 521 3339 Curtio
541 3274 598 3338 sed
611 3275 693 3339 fonti
711 3278 776 3343 eius
793 3277 1000 3343 attribuenda
1017 3285 1074 3344 est.
1107 3276 1236 3342 Curtius

165 3377 254 3442 enim
287 3386 404 3444 narrat
437 3379 661 3448 Alexandrum
695 3385 935 3470 caduceatores,
970 3388 1024 3469 qui
1055 3384 1096 3450 ad
1124 3406 1237 3469 pacem

164 3482 284 3567 Tyrios
314 3489 551 3574 compellerent,
576 3492 714 3558 misisse:
740 3515 820 3580 quos
837 3494 951 3580 Tyrios
969 3494 1146 3559 contraius
1163 3515 1237 3575 gen·

162 3591 249 3658 tium
272 3596 399 3661 occisos
415 3599 448 3661 in
465 3599 565 3664 altum
582 3603 821 3698 praecipitasse.
855 3603 964 3670 Simile
986 3603 1107 3686 aliquid
1124 3603 1237 3669 Arria-

165 3722 230 3764 nus
247 3701 294 3774 ΙΙ,
312 3707 369 3786 24,
389 3710 407 3768 3
432 3710 630 3780 memoravit,
663 3711 842 3796 Utramque
859 3713 1076 3776 narrationem
1093 3713 1135 3777 ad
1150 3713 1237 3778 idem

162 3808 289 3874 factum
306 3820 456 3894 spectare
472 3815 549 3879 mihi
565 3819 738 3899 probatum
755 3828 815 3893 est.
847 3819 1236 3888 OaduceatoresAlexan-

162 3915 218 3986 dn'
236 3918 367 3988 Curtius
383 3944 493 3988 rursus
511 3924 554 4011 (2,
581 3927 634 4013 17)
652 3936 891 4001 commemorat,
922 3930 974 3994 Ea
992 3952 1127 4019 quoque,
1153 3952 1235 4016 quae
