2642 4242
603 127 761 180 ..3-

118 302 224 365 modo
253 320 329 365 rem
356 302 440 365 mihi
463 302 684 366 tractandam
707 309 743 365 et
766 301 1018 382 disponendam
1042 320 1124 365 esse
1149 311 1242 381 puta-

121 419 233 483 verim
248 419 371 499 paucis
388 436 571 498 exponam.
597 427 703 499 atque
719 419 769 481 ita
785 418 925 499 quidem
936 419 1028 481 hanc
1040 418 1243 498 disputatio

121 553 202 597 nem
217 535 360 615 institui,
385 544 424 598 ut
436 535 662 598 dissererem:
687 534 759 597 lde
770 534 967 598 Alexandri
989 534 1046 597 die
1068 535 1194 612 natali,
1215 534 1242 596 II

121 650 164 713 de
188 650 285 713 initio
309 651 420 732 regni,
450 650 496 713 III
520 650 563 713 de
587 651 693 730 exitu,
723 650 774 713 IV
798 651 841 713 de
864 651 960 731 regis
984 659 1113 729 aetate,
1144 650 1241 713 Vde

121 744 498 830 Pseudo-Callisthenis
514 767 724 847 testimonio,
743 766 793 831 VI
809 768 853 829 de
870 768 1017 830 aliorum
1033 766 1243 847 scriptorum

123 884 348 963 argumentis

360 1218 388 1293 1.
417 1219 484 1291 De
513 1216 746 1293 Alexandri
776 1217 841 1292 die
870 1217 1013 1294 natali.
1108 1314 1112 1323 Ι

230 1374 359 1438 Natum
388 1392 467 1437 esse
496 1374 740 1437 Alexandrum
768 1374 863 1438 haud
892 1376 1001 1437 multo
1031 1384 1113 1454 post
1145 1374 1246 1437 ludos

124 1490 327 1570 Olympicos
355 1499 477 1553 auctor
516 1497 570 1553 est
595 1490 815 1554 Plutarchus.
855 1490 992 1553 duobus
1035 1490 1130 1553 enim
1160 1491 1247 1552 locis

125 1606 248 1669 eodem
271 1606 344 1669 fere
368 1614 525 1686 tempore
556 1606 600 1669 ad
623 1607 821 1687 Philippum
850 1616 953 1686 capta
976 1606 1148 1669 Potidaea
1176 1615 1247 1669 tres

123 1722 329 1802 pervenisse
357 1723 499 1786 nuntios
528 1724 765 1803 optatissimus
789 1724 926 1804 scribit,
960 1724 1112 1803 primum
1136 1722 1248 1802 ipsius

125 1839 315 1919 quadrigas
344 1840 473 1903 vicisse
504 1838 698 1919 Olympiae,
735 1840 859 1903 deinde
888 1839 1159 1903 Parmenionem
1190 1839 1248 1901 im·

124 1963 323 2035 peratorem
339 1956 564 2034 superavisse
576 1954 764 2019 Dardanos
777 1955 948 2038 (Illyrios),
971 1956 1114 2018 tertium
1131 1954 1248 2035 Olym-

124 2070 264 2151 piadem
287 2088 433 2134 uxorem
463 2071 643 2151 peperisse
673 2072 782 2135 filium
806 2072 892 2154 (vita
906 2071 1009 2133 Alex.
1035 2073 1071 2137 3:
1097 2074 1249 2155 Φιλίππῳ

125 2189 162 2253 δὲ
173 2186 244 2267 ἄρτι
256 2189 435 2253 Ποτίδαιαν
450 2188 580 2273 ᾑρηκότι
592 2194 679 2267 τρεῖς
694 2188 774 2267 ἧκον
797 2188 940 2267 ἀγγελίαι
963 2189 1043 2253 κατὰ
1065 2189 1124 2253 τὸν
1150 2188 1251 2252 αὐτὸν

125 2305 253 2384 χρόνον.
279 2303 410 2365 consol.
425 2302 469 2364 ad
493 2302 561 2382 Ap.
586 2305 621 2369 6:
647 2356 653 2368 .
678 2356 684 2368 .
708 2357 715 2367 .
738 2308 835 2383 τριῶν
848 2305 936 2389 αὐτῷ
961 2305 1133 2388 (Φιλίππῳ)
1155 2325 1249 2383 προς-

126 2422 347 2498 αγγελθέντιιιν
363 2420 590 2500 εὐτυχημάτων
602 2420 658 2500 ὑφ’
673 2420 730 2484 ἕνα
742 2422 881 2501 χρόνον).
906 2418 1000 2481 idern
1015 2419 1092 2481 fere
1107 2418 1250 2481 exhibet

125 2534 278 2598 Iustinus
302 2533 379 2617 (XII
405 2536 455 2614 16,
469 2536 517 2617 3):
548 2535 672 2597 eadem
702 2552 840 2615 quoque
870 2534 925 2597 die
955 2539 1014 2617 (sc.
1047 2552 1118 2615 qua
1146 2544 1250 2597 natus

127 2660 180 2714 cst
203 2650 418 2732 Alexander)
442 2650 601 2749 nuntium
624 2660 726 2731 pater
750 2651 825 2714 eius
849 2650 997 2713 duarum
1021 2651 1251 2713 victoriarum

126 2768 275 2848 accepit;
290 2766 433 2830 alterius
445 2766 527 2830 belli
534 2765 678 2848 Illyrici3
693 2767 837 2829 alterius
850 2767 1051 2830 certaminis
1064 2765 1250 2847 Olympici,

126 2884 162 2945 in
174 2882 268 2962 quod
280 2882 531 2963 quadrigarum
544 2900 668 2945 currus
681 2884 834 2962 miserat,
848 2882 942 2963 quod
954 2900 1058 2945 omen
1069 2883 1250 2946 universa-

125 3016 205 3062 rum
217 3007 391 3062 terrarum
402 2999 587 3062 victoriam
598 2999 722 3063 infanti
733 2999 973 3079 portendebat.
987 2998 1093 3061 fidem
1103 3016 1185 3061 esse
1197 2999 1250 3061 ab·

126 3114 322 3196 rogandam
344 3116 426 3177 huic
437 3115 616 3178 Plutarchi
641 3124 676 3178 et
698 3114 821 3178 Iustini
843 3115 1043 3178 testimonio
1066 3131 1139 3177 non
1154 3124 1250 3177 recte

127 3232 251 3311 opinor
276 3232 411 3294 censuit
434 3231 658 3313 Droysenus;
684 3249 753 3312 quo
776 3232 901 3295 melius
924 3248 983 3294 res
1006 3230 1249 3310 perspiciatur,

127 3348 237 3428 ipsius
244 3347 488 3412 verbaafferre
495 3348 599 3411 liceat
612 3346 750 3429 (Gesch.
759 3347 861 3411 Alex.
876 3347 907 3410 d.
916 3346 976 3409 Gr.
985 3344 1016 3409 ΙΙ
1028 3346 1121 3427 347);
1133 3345 1250 3427 „Noch

127 3464 228 3527 ubter
250 3464 297 3527 ist
318 3463 504 3527 Plutarchs
521 3463 657 3543 Capitel
680 3464 768 3526 iiber
791 3463 848 3525 die
863 3462 999 3527 Geburt
1010 3461 1249 3541 Alexanders;

128 3570 263 3643 sreilich
292 3587 486 3660 vermdgen
514 3579 580 3642 wir
607 3579 705 3641 nicht
728 3580 828 3643 mehr
850 3578 1132 3656 nachzuweisen,
1168 3578 1248 3641 dass

129 3696 191 3758 der
215 3696 360 3775 Tempel
383 3696 419 3758 in
442 3695 604 3775 Ephesus
627 3694 725 3757 nicht
748 3713 793 3757 an
817 3694 896 3757 dem
912 3694 1012 3775 Tage
1036 3694 1099 3756 der
1115 3693 1248 3756 Geburt

129 3809 353 3873 Alexanders
376 3811 596 3889 abgebrannt
620 3810 718 3892 sei1);
744 3811 829 3874 aber
852 3810 907 3872 die
931 3809 1006 3872 drei
1029 3808 1249 3889 gldcklichen

130 3962 342 3971 ..a—*W

239 4031 264 4093 l)
284 4032 352 4083 Plut.
371 4031 424 4079 vita
441 4032 519 4083 Alex.
539 4030 564 4083 3.
