2642 4242
575 288 795 355 ...40-

150 471 191 537 In
222 470 272 535 his
304 475 378 535 sunt
364 466 505 538 tDiod
537 472 592 549 43,
628 470 713 532 let

150 579 281 645 modum
305 584 494 661 congruunt

221 686 305 739 Diod.
314 683 411 751 XVII,
420 683 464 751 43,
481 687 507 738 l:
518 682 585 751 πρὸς
596 681 658 735 τοὺς

150 777 199 842 μὲν
213 775 263 843 γὰρ
277 770 458 825 καταπελτικὰ
470 770 532 841 μέλη
549 770 657 839 τρόχους

150 863 344 916 κατεσκεύασαν
380 858 576 928 διειλημμένους
606 879 655 910 rw·

151 956 222 1008 κνοῖς
257 949 453 1020 διαφριάμμασι,
486 951 596 1006 τούτους
628 949 657 1002 δὲ

151 1041 194 1094 διά
205 1062 274 1097 τινος
283 1039 553 1109 μηχανῆςδινεύοιτες
563 1041 596 1091 τὰ
606 1042 656 1107 μὲν

151 1134 309 1201 συνέτριβον,
338 1130 372 1181 τά
391 1128 418 1181 δέ
436 1133 587 1198 παρέσυρον
606 1130 658 1181 τῶν

150 1219 240 1291 βελῶν,
260 1220 372 1270 πάντων
384 1217 411 1270 δὲ
431 1219 479 1284 riv
491 1218 519 1270 έκ
539 1217 583 1286 τῆς
600 1222 658 1289 βίας

150 1309 237 1378 φορὰν
246 1307 355 1371 ἐξέλυον·
370 1308 430 1364 τούς
440 1305 492 1359 δ’έκ
502 1307 555 1359 τῶν
565 1328 658 1377 πετρο·

150 1397 238 1469 βόλοιν
250 1399 409 1467 φερομένους
418 1395 511 1453 boore
524 1394 656 1464 δεχόμενοι

150 1486 283 1554 μαλακαῖς
311 1508 361 1538 τισι
385 1492 429 1537 nai
449 1484 658 1541 συνενδιδούσαις

152 1578 325 1631 κατασκεναῖς
344 1575 476 1644 έπροὶυνον
489 1575 538 1642 τὴν
557 1574 585 1627 έιι
603 1578 655 1643 τῆς,

699 468 848 546 t45,3
830 466 916 527 3-4
950 461 1004 545 qui
1035 462 1155 527 mirum
1190 461 1223 525 in

782 680 816 732 45
848 677 931 733 3-24:
969 676 1221 744 ἀντιμηχανιύμενοι

712 766 739 820 δέ
752 767 818 835 πρὸς
836 766 921 819 ταῦτα
941 764 968 819 οἱ
988 766 1079 834 Τύριοι
1097 766 1154 834 πρὸ
1174 764 1224 832 μέν

710 859 764 908 ’τῶν
788 855 880 923 τειχῶν
902 858 1085 925 μαρμαρένους
1112 854 1226 925 τρόχους

710 945 829 1008 iocarer,
854 950 897 997 uni
922 943 966 997 διά
993 966 1074 997 τινοιν
1098 944 1225 1014 ὀργάνων

710 1037 819 1092 τούτους
847 1033 992 1091 δινεύοντες
1024 1034 1057 1087 τὰ
1083 1034 1223 1105 φερόμενα
1291 1046 1292 1055 ³

713 1124 773 1195 βέλη
796 1124 1026 1179 καταπελτικὰι
996 1146 1043 1176 συν
1045 1127 1156 1194 έτριβοι,
1179 1129 1223 1177 καὶ

714 1214 748 1273 εἰς
773 1218 806 1268 τὰ
833 1215 887 1269 πλιλ
871 1236 934 1285 αμα
961 1218 1029 1289 μέρη
1056 1214 1225 1283 προάροιτες

714 1306 892 1376 ἀπράκτους
884 1305 992 1356 ε’τιοέουι
999 1303 1056 1361 τὰς
1073 1324 1125 1354 τυιν
1146 1302 1224 1370 ἀφιε-

712 1398 841 1463 μέιιιιιι
821 1394 907 1460 σλμ
875 1415 929 1463 μσς
958 1393 1082 1463 nobee
1055 1392 1082 1445 δὲ
1110 1394 1224 1447 ιούςιοι

712 1486 744 1554 ,a
747 1506 809 1553 ρσας
823 1490 867 1536 καὶ
875 1436 975 1537 ’διπλᾶς
988 1480 1119 1551 διφθέρας
1132 1504 1222 1549 creor-

712 1577 831 1642 ιιιιιμένας
838 1572 1071 1641 καταρράιιτονιες
1081 1568 1224 1626 ιέςταύτας

151 1663 289 1733 ὀργανικῆς
306 1666 365 1735 βίας
384 1662 504 1732 δύναμιν.
712 1663 871 1730 ἀπεσέχοντο
899 1663 946 1718 τὰς
973 1660 1028 1712 ἀπὸ
1053 1680 1105 1711 ιιιιν
1122 1680 1222 1729 πετρο-

711 1752 857 1823 βύιλιινσιλ
860 1752 929 1821 p'ydr
958 1756 1003 1801 καὶ
1014 1749 1148 1818 μαλακις
1177 1772 1223 1816 τις
1292 1768 1293 1817 ι

712 1840 834 1897 ειδύσειιις
858 1843 996 1909 μνοιιένις
1024 1839 1139 1903 εξελύετσ
1168 1861 1223 1891 των

711 1933 864 2003 φερομένων
882 1930 987 1999 πειρῶν
1005 1929 1021 1996 ἡ
1041 1932 1094 1999 ¹din.

244 2024 395 2109 Utrisque
419 2022 498 2087 iocis
514 2022 683 2087 Diodorus
700 2022 812 2088 eadem
829 2022 971 2106 remedia
987 2028 1109 2103 narrat,
1136 2042 1223 2103 quae

152 2130 241 2214 Tyrii
270 2131 422 2196 adversus
450 2130 689 2216 catapultarum
720 2130 786 2195 teia
815 2128 1057 2212 comparabant.
1105 2129 1222 2193 Priore

152 2238 282 2322 quidem
309 2239 381 2303 loco
407 2238 474 2323 (43,
503 2241 535 2325 1)
560 2239 649 2322 Tyrii
682 2245 772 2304 rotas
806 2238 925 2303 crebris
949 2236 1223 2322 intersepimentis

153 2344 321 2410 distinctas
344 2345 517 2415 fabricant,
564 2344 653 2428 Quas
679 2346 755 2411 dum
779 2346 948 2411 machinae
972 2344 1139 2408 cuiusdam
1168 2343 1224 2407 ad-

152 2452 303 2517 miniculo
327 2454 584 2535 circumvertant,
609 2454 746 2518 telorum
769 2455 832 2518 alia
856 2454 1076 2517 comminuunt
1100 2452 1167 2515 alia
1191 2452 1223 2513 in

152 2561 591 2645 transversumdistorquent,
621 2563 784 2645 Impetum
799 2560 1088 2644 deniqueomnium
1109 2582 1223 2642 quam·
1293 2592 1294 2633 1

151 2667 231 2733 libet
241 2670 413 2734 violentum
423 2670 610 2754 infringunt.
628 2672 771 2755 Lapides
783 2678 890 2736 autern
902 2692 918 2733 e
929 2670 1078 2754 petrariis
1095 2675 1223 2733 rotatas

154 2776 230 2840 dum
254 2777 349 2841 rebus
384 2778 576 2860 quibusdam
599 2780 748 2845 mollibus
785 2788 817 2843 et
840 2778 934 2842 facile
960 2775 1145 2841 cedentibus
1171 2798 1224 2839 ex·

154 2886 287 2967 cipiunt,
312 2886 375 2949 vim
399 2892 634 2952 tormentorum
650 2888 885 2971 languidiorem
901 2884 1053 2956 reddunt,
1092 2882 1222 2949 Eadem

153 2990 303 3073 remedia,
330 3015 413 3075 quae
429 2993 518 3077 Tyrii
541 2996 573 3059 in
598 2995 815 3060 defensionem
841 2999 1040 3076 comparant,
1066 2994 1098 3056 in
1116 2985 1224 3076 capite

152 3104 195 3164 45
219 3120 352 3185 prorsus
378 3101 522 3167 similiter
537 3102 733 3177 referuntur,
781 3102 860 3186 Quis
886 3109 943 3183 est,
970 3103 1045 3185 quin
1063 3099 1224 3181 intelligat

153 3207 215 3272 hoc
238 3207 309 3271 loco
333 3208 463 3274 easdem
486 3232 537 3275 res
562 3212 595 3275 in
612 3210 739 3276 duobus
763 3211 906 3276 fontibus
923 3209 1083 3274 diversum
1106 3210 1139 3272 in
1155 3230 1224 3272 mo-

155 3314 231 3380 dum
264 3322 414 3382 narratas
440 3339 524 3399 esse,
559 3320 607 3383 ita
632 3326 669 3383 ut
693 3318 744 3382 hic
769 3326 882 3384 auctor
912 3318 1054 3383 diversas
1079 3338 1223 3381 asseres

154 3424 334 3506 suspicatus
358 3424 577 3490 narrationem
601 3432 772 3508 utramque
796 3428 961 3509 reciperet.
1009 3430 1102 3491 Hane
1126 3446 1223 3507 quae-

154 3531 289 3596 stionem
314 3531 354 3595 de
377 3531 455 3597 locis
479 3533 512 3596 iu
542 3534 657 3616 quibus
680 3533 847 3600 Dicdorus
873 3533 1002 3598 easdem
1032 3554 1084 3597 res
1108 3532 1222 3596 iisdem

154 3639 221 3704 fere
237 3638 286 3702 vel
303 3638 457 3706 similibus
474 3640 578 3705 verbis
596 3662 730 3706 narrare
747 3642 838 3723 sciet,
855 3640 1021 3705 Broecker
1038 3640 1221 3705 accuratius

155 3747 369 3834 tractarit,⁷⁹)
415 3750 504 3816 Dum
528 3748 610 3814 tales
633 3750 697 3814 ioci
725 3749 812 3832 apud
836 3748 1017 3814 Diodorum
1047 3747 1221 3813 maioribus

227 3927 261 4005 ⁷⁹)
280 3929 466 3991 Broeckcr:
486 3930 563 3988 Mod.
584 3928 831 4005 QuellenfOrscher
852 3935 903 3983 040·
923 3947 950 3999 P·
970 3932 1006 3982 64
1025 3945 1083 4004 sqq·
