2642 4242
481 243 756 362 'aad

103 475 247 542 menium
280 475 426 558 duxerat,
460 475 505 539 illi
538 477 662 558 regioni
693 481 855 560 praeerat.
902 473 1008 558 Quam
1042 475 1175 540 obrem

102 585 219 666 regina
241 583 358 648 litteris
382 584 428 646 ita
452 582 627 670 deprecata
655 590 786 664 estat
809 582 970 668 idipsum
995 589 1174 663 excusaret,

104 690 193 775 qued
227 689 471 776 deprecaretur:
505 697 617 776 petere
645 712 689 770 se,
714 696 750 754 ut
774 690 834 753 illis
859 711 996 775 quoque,
1022 692 1175 755 siminus

104 799 165 862 sibi
198 799 402 880 ignesceret“
427 805 459 862 et
493 797 578 883 qued
612 797 752 880 pertinet
785 796 827 861 ad
850 796 1020 863 Medatem
1045 798 1175 868 dicitur:

104 927 188 990 „pro
214 907 397 971 necessarie
431 928 469 970 ae
493 905 685 989 propinque,
718 904 783 968 iam
806 925 870 968 nen
894 903 997 986 hoste,
1022 904 1079 969 sed
1104 928 1175 989 sup-

103 1011 199 1095 plice,
218 1019 343 1076 tantum
359 1013 459 1076 vitam
476 1012 634 1095 precari,“
673 1009 779 1095 (Ourt.
796 1011 838 1083 V.
856 1012 956 1098 art.)
988 1011 1177 1077 Alexander

104 1141 171 1183 non
189 1118 318 1184 Medati
342 1118 437 1183 mede
454 1120 576 1200 ignovit
592 1118 648 1183 sed
667 1140 777 1183 omnes
794 1126 826 1183 et
842 1119 968 1184 deditos
986 1126 1018 1184 et
1034 1121 1177 1202 captives

103 1226 257 1291 libertate
290 1233 386 1311 atque
417 1225 620 1291 immunitate
653 1225 795 1308 donavit,
830 1226 942 1292 urbem
974 1227 1104 1312 reliquit
1131 1227 1177 1289 in-

103 1339 230 1397 tactam
272 1355 367 1416 agres
410 1333 477 1397 sine
510 1333 632 1397 tribute
674 1332 778 1397 celere
818 1333 971 1419 permisit,
1028 1334 1062 1399 Si
1095 1334 1189 1399 hanc(

107 1441 332 1505 narrationem
356 1447 481 1504 attente
504 1441 706 1523 perspexeris
730 1440 879 1505 Curtium
902 1441 988 1505 hunc
1010 1442 1116 1506 locum
1140 1463 1179 1505 ex
1210 1512 1213 1517 ,

105 1570 172 1612 une
215 1548 305 1612 fonte
338 1547 483 1612 hausisse
516 1568 640 1612 mecum
674 1549 863 1612 consenties.
921 1547 1051 1614 Curtius
1084 1551 1178 1633 enim,

105 1664 143 1720 ut
176 1655 255 1720 mihi
288 1654 417 1740 quidem
449 1654 583 1735 videtur,
621 1655 840 1719 narrationem
873 1654 912 1718 dc
945 1657 1178 1739 supplicatione

106 1762 310 1850 Sisygambis
355 1783 406 1825 ex
451 1758 640 1826 Ptolemaeo
696 1782 760 1825 non
816 1760 923 1826 hausit
970 1763 1018 1827 his
1065 1764 1178 1827 causis.

107 1870 162 1935 Ac
195 1872 333 1952 primum
367 1868 495 1951 quidem
528 1863 752 1936 Ptolemaeum
785 1869 868 1934 hanc
900 1892 967 1934 rem
997 1869 1036 1934 de
1060 1891 1179 1953 magna

108 1977 292 2042 Alexandri
317 1977 486 2041 elementia
509 1981 577 2040 tam
602 1986 762 2059 accurate,
788 1985 824 2042 ut
853 1977 939 2060 apud
963 1976 1110 2042 Curtium
1134 1980 1178 2040 in·

107 2087 265 2167 venimus,
291 2106 441 2148 narrasse
465 2084 541 2149 mihi
565 2106 630 2149 nen
646 2085 816 2150 verisimile
833 2107 901 2150 csse
921 2084 1055 2154 videtur.
1095 2083 1179 2149 Tum

108 2200 229 2274 autem,
255 2193 343 2274 qued
360 2201 409 2258 est
425 2193 655 2275 gravissimum,
680 2192 836 2273 Madatis,
862 2194 965 2275 quiin
981 2192 1178 2276 Sisygambis

109 2298 346 2382 supplicatione
380 2301 501 2382 primas
535 2306 643 2382 partes
677 2301 759 2381 agit,
792 2299 952 2364 Arrianus
984 2299 1179 2364 mentionem

108 2407 232 2471 nullam
256 2406 340 2471 fecit.
389 2407 437 2471 At
461 2415 575 2471 centra
598 2406 768 2470 Medatem
793 2415 1032 2490 commemorat,
1057 2407 1179 2472 utiam

111 2513 321 2598 rraenkelsse)
354 2523 440 2579 reete
468 2514 612 2598 protulit,
646 2514 811 2577 Diodorus
836 2514 967 2599 (XVII,
992 2522 1044 2598 67,
1069 2515 1104 2600 4)
1130 2515 1179 2579 his

108 2623 228 2690 verbis:
241 2619 301 2698 τὰς
311 2623 481 2708 παράδους
491 2627 740 2708 perserverat-a·
753 2619 817 2689 aad
828 2627 994 2706 Meditor),
1005 2629 1181 2709 συγγενοῦς

108 2735 170 2817 pir
195 2728 294 2806 ὄντος
319 2735 463 2818 decor-ior,
490 2730 627 2816 δύναμιν
651 2735 686 2798 dl
712 2733 849 2815 ἔχοντος
872 2728 1045 2817 ἀξιόλογον
1061 2759 1089 2799 κ.
1107 2759 1135 2800 τ.
1153 2739 1179 2799 λ.

108 2839 283 2902 Postremo
309 2849 417 2902 autern
444 2837 529 2920 apud
554 2835 705 2901 Curtium
729 2837 803 2901 Uxii
827 2838 971 2920 impunes
996 2844 1078 2919 sunt,
1108 2858 1180 2901 eum

108 2946 157 3009 illi
166 2944 310 3009 Arriano
331 2954 472 3026 auctore,
492 2951 528 3010 ut
545 2951 758 3027 congruenter
767 2944 990 3012 Ptolemaeum
1007 2955 1039 3012 et
1053 2948 1181 3014 Ariste·

109 3054 221 3118 bulum
246 3075 395 3118 narrasse
426 3075 556 3118 neccsse
580 3062 638 3135 est,
664 3055 705 3120 ab
728 3055 918 3121 Alexandro
935 3056 1056 3122 tribute
1073 3079 1180 3122 annue

114 3161 310 3233 afficiantur,
345 3160 493 3226 Curtium
518 3167 615 3246 atque
630 3163 814 3228 Diodorum
832 3164 871 3229 de
888 3164 1024 3230 Madate
1046 3164 1089 3231 ed
1107 3189 1181 3230 eun·

109 3269 184 3332 dem
202 3267 324 3333 fontem
341 3276 488 3351 spectare
512 3269 589 3333 mihi
605 3271 773 3335 verisimile
798 3277 860 3343 est:
884 3272 936 3336 hie
952 3274 1035 3337 enim
1059 3273 1180 3339 fontem

112 3377 145 3440 in
173 3383 344 3458 angustum
370 3379 483 3458 coegit,
509 3398 580 3440 cnm
603 3377 657 3440 illc
674 3380 855 3443 accuratius
880 3387 912 3444 et
927 3380 1085 3445 rhetorice
1108 3403 1181 3444 nar·

109 3491 210 3548 raret.
262 3483 326 3548 Sed
353 3487 522 3571 quisuuam
538 3485 598 3549 suit
622 3487 704 3568 fene,
730 3487 771 3550 ad
796 3509 890 3573 quem
911 3496 1045 3574 uterque
1068 3498 1181 3555 auctor

110 3597 260 3674 spectet?
286 3591 489 3678 Quamquam
507 3593 591 3657 hune
607 3594 729 3658 fontem
746 3598 911 3661 nominare
929 3618 991 3661 nen
1001 3619 1179 3680 possumne,

109 3709 276 3784 tamquam
315 3701 436 3787 aliquid
471 3704 549 3766 certi
582 3703 621 3766 de
651 3706 719 3768 eius
750 3712 868 3768 natura
891 3713 923 3768 et
954 3705 1086 3769 consilio
1119 3694 1181 3770 diei

184 3931 218 4008 3⁴³)
238 3933 429 3992 Fraenkcl:
450 3939 467 3992 l.
487 3957 510 3991 c.
529 3956 555 4007 p.
575 3939 636 3993 253·
