2642 4242
481 306 697 375 ...31...

61 491 138 559 proni
169 495 245 545 metu
274 505 358 542 auree
387 495 486 542 catena
518 489 564 542 de·

61 583 170 635 vinxere
220 581 398 633 simulacrum
446 595 565 646 araeque

61 671 188 724 Herculis
210 711 216 722 .
241 711 246 720 .
274 709 280 722 .
307 711 311 722 .
337 670 479 722 inseruere
504 667 563 720 viu-

61 761 159 834 culum,
181 760 260 827 quasi
275 759 323 812 illo
338 759 390 812 deo
403 757 565 825 Apollinem

61 855 209 902 retentura
367 845 369 852 '

133 939 211 1008 lt)§
234 938 348 992 25-26.
378 939 482 1006 clipeos
502 953 568 989 vero

65 1047 157 1082 aereos
188 1030 277 1082 multo
318 1029 383 1096 igne
415 1027 569 1091 torrebant,

64 1135 129 1184 quos
163 1119 285 1186 repletos
325 1115 434 1170 fervida
465 1115 570 1166 harena

66 1224 203 1274 uacuoque
217 1208 334 1260 decocto
348 1223 362 1258 e
377 1204 463 1256 muris
477 1201 570 1254 subito

64 1296 256 1349 devolvebant.
303 1293 363 1348 Neo
396 1294 454 1346 ulla
481 1290 589 1369 pestis·

65 1385 149 1454 magis
181 1385 347 1438 timebatur:
385 1383 488 1452 quippe
520 1381 568 1434 ubi

65 1475 115 1526 lori
140 1493 199 1528 cain
229 1491 329 1542 eorpus
349 1491 436 1542 usque
455 1473 565 1524 fervens

65 1563 166 1616 harena
184 1569 397 1632 penetraverat,
427 1574 479 1614 neo
507 1561 566 1613 ulla

66 1654 92 1704 vi
135 1654 228 1706 excuti
270 1658 394 1721 poterut
422 1655 450 1704 et
487 1650 565 1717 quid-

67 1742 130 1808 quid
160 1743 303 1811 attigerat,
335 1741 497 1809 perurebat,
529 1739 566 1790 ia-

67 1838 210 1898 centesque
236 1849 312 1884 srma
332 1831 461 1882 laceratis
481 1829 568 1881 omni-

68 1920 126 1987 11111,
176 1921 237 1988 quis
277 1919 388 1988 protegi
433 1921 571 1986 poterant,

69 2009 225 2062 vulneribus
245 2009 329 2062 inulti
348 2009 491 2076 patebant.

139 2190 181 2252 16)
209 2187 261 2240 IV.
291 2189 316 2255 4,
350 2189 424 2239 1-2,
454 2185 507 2237 His
528 2202 577 2237 rex

69 2274 197 2344 fatigatus
222 2281 360 2330 statuerat
383 2276 474 2328 soluta
506 2274 578 2326 ohsi-

71 2365 428 2435 dioneAegyptumpetere.
449 2365 579 2416 Ueterum

74 2458 128 2506 tam
141 2455 284 2508 discedere
294 2455 418 2520 inritum,
429 2469 511 2520 quam
521 2470 579 2504 mo·

71 2545 123 2596 rari
139 2545 273 2612 pudebat:
289 2545 390 2597 samem
402 2560 511 2610 quoque
526 2559 580 2609 qua

72 2633 237 2702 pluraquam
247 2635 331 2686 armis
343 2639 491 2698 everterat,
502 2639 578 2682 ratus

73 2723 204 2776 leviorem
230 2723 299 2792 lore,
328 2725 350 2776 si
375 2722 480 2790 Tyrum
499 2719 579 2786 quasi

73 2815 218 2882 10110111,ου
229 2811 577 2882 0011011001101101110101.

141 2905 185 2970 lt)
205 2903 240 2974 ζῇ
260 2901 338 2955 3-5.
359 2899 482 2954 Etsorte
496 2902 578 2956 belua

74 2991 229 3047 invisitatae
265 2993 467 3062 magnitudinis
496 3009 579 3060 super

72 3082 140 3150 ipsos
165 3084 268 3138 fluctus
289 3084 371 3136 dorso
396 3083 519 3135 eminens
544 3083 579 3135 ad

74 3175 171 3228 molem
190 3217 197 3229 .
218 3215 224 3228 .
245 3213 250 3226 .
271 3215 278 3227 .
297 3173 396 3242 ingens
416 3189 516 3240 corpus
531 3171 577 3224 ud-

71 3263 166 3328 plicuit
185 3264 427 3328 diverberatisque
447 3260 578 3312 fluctibus

14 3351 18 3362 '
73 3353 201 3408 adlevans
231 3354 316 3406 semel
350 3353 491 3417 utrimque
517 3368 580 3403 con-

77 3448 167 3510 speetu
207 3447 264 3497 est:
304 3442 405 3497 deinde
442 3460 457 3493 a
489 3443 581 3510 capite

74 3534 151 3588 molis
171 3551 267 3588 rursus
281 3535 337 3588 alto
351 3535 537 3588 sei'mmersit
550 3550 581 3586 ao

72 3625 148 3677 modo
161 3642 246 3693 super
257 3625 472 3678 undaseminens
480 3640 582 3692 magna

74 3714 112 3764 sui
130 3724 217 3782 parte,
237 3716 320 3768 modo
340 3714 492 3783 superfusis
515 3713 581 3766 flue·

60 3802 141 3860 ¹tibus
166 3805 280 3858 condita
304 3805 379 3857 haud
405 3804 503 3872 procul
522 3821 580 3854 mu-

75 3891 199 3946 nimentis
211 3895 286 3948 urbis
297 3896 416 3948 emersit.
449 3893 583 3959 Utrisque

76 3980 161 4038 laetus
180 3985 234 4039 suit
252 3986 351 4040 beluae
370 3991 506 4053 aspectus.

611 484 637 538 oi
668 484 695 537 di
727 483 816 553 Tripror
852 479 1125 550 ὃιιοιάαιμσιήσαντες

611 579 716 644 χρυσαῖς
729 577 827 640 σειραῖς
848 570 1015 641 πρσσὲάηοαν
1028 568 1058 622 τίς
1078 566 1126 620 τοῦ

611 661 773 717 Ἀπόλλωνος
818 659 915 722 ξόανον
960 658 993 730 τῇ
1042 659 1125 728 βάσει,

612 751 806 821 ἐμποδίζοντες,
831 771 866 806 οις
884 747 968 816 ᾤοντο
993 752 1040 799 τοῦ
1060 745 1126 800 θεοῦ

613 844 659 896 τὸν
678 841 705 894 ἑκ
727 842 772 906 τῆς
789 837 890 895 πόλεως
909 839 1047 906 χωρισμόν.

686 936 729 998 4-1,
747 935 758 984 1
778 950 803 984 u.
821 932 851 984 2:
880 927 1124 981 κατασκευάσαντες

614 1022 666 1092 χάρ
685 1018 800 1075 ἀσπίδας
822 1017 919 1084 χαλκᾶς
942 1022 986 1068 καί
1011 1014 1127 1084 σιδηρᾶς,

615 1117 659 1163 καί
688 1110 787 1164 ταύτας
813 1106 999 1175 πληρώσαντες
1026 1102 1126 1173 ἅμμου,

616 1199 694 1268 ηλσχὶ
712 1196 796 1270 nolli
816 1195 926 1262 συνεχῶς
945 1194 1061 1258 ὑπέκασν
1079 1198 1125 1244 καὶ

618 1288 750 1358 διάπυρον
768 1283 966 1346 κατεσκείαξον.
986 1283 1087 1349 ταύτην
1100 1281 1128 1334 δὲ

618 1378 661 1429 διά
679 1397 748 1432 τινος
760 1373 878 1443 μηχανῆς
896 1378 951 1428 τοῖς
969 1373 1131 1443 θρασύτατα

613 1469 773 1536 μαχομένοις
797 1463 981 1533 ἐπερρίπτουν,
1006 1469 1050 1514 καὶ
1069 1466 1127 1516 ταῖς

613 1556 734 1622 ἐσχάταις
773 1556 920 1623 συμφοραῖς
958 1549 1131 1623 περιέβαλλον
1164 1582 1166 1586 »

612 1641 1129 1711 τοὺςὑπσπεσάι·ταςὸιά.χάρτιδι’θοιρά-

614 1755 668 1785 κων
695 1738 739 1784 καὶ
774 1731 826 1782 τῶν
859 1730 998 1781 {modernis
1022 1750 1129 1799 παρεισ-

615 1825 751 1876 πίπτουσσι
780 1820 794 1888 ἡ
823 1816 919 1888 ἅμμος,
947 1824 992 1870 καὶ
1019 1817 1061 1869 did
1084 1818 1131 1883 την

619 1910 766 1980 ὑπερβολὴν
792 1909 837 1977 τῆς
863 1911 1013 1978 θερμασίας
1037 1906 1130 1973 λυμαι-
1192 1976 1195 1979 x

619 2006 717 2070 νομένη
753 2001 801 2055 τάς
831 1999 936 2069 σάρκας,
974 1997 1131 2066 ἀβοήθητον

619 2091 701 2144 ἐποίει
723 2090 753 2142 τὸ
773 2090 905 2156 ἀτύχημα.
925 2108 948 2138 κ.
969 2107 991 2138 τ.
1011 2085 1033 2137 λ.

698 2185 741 2249 dl),
764 2181 794 2234 7:
823 2183 868 2229 καὶ
897 2177 927 2228 τὸ
955 2177 1005 2241 μὲν
1023 2176 1131 2246 πρῶτον

625 2269 709 2339 ἔκρινε
734 2267 810 2320 λίσαι
832 2268 883 2333 την
904 2264 1063 2332 πολιορκίαν
1087 2271 1132 2317 καὶ

628 2360 673 2426 τὴν
692 2361 834 2427 στρατείαν
858 2357 901 2409 ε’πὶ
926 2355 974 2422 την
992 2352 1132 2422 Αἴγυπτον

627 2450 775 2499 ποιεῖσθαι.
803 2447 969 2516 μετανοήσας
996 2438 1024 2495 δὲ
1050 2441 1133 2494 πάλιν

626 2543 671 2588 καὶ
692 2541 800 2605 νομίσας
820 2533 927 2607 αἰσχρὸν
953 2532 1021 2585 εἶναι
1044 2551 1132 2598 παρα-

625 2628 740 2699 χωρῆσαι
775 2630 880 2696 Τυρίοις
911 2626 956 2691 τῆς
984 2623 1053 2675 κατά
1084 2619 1133 2687 την
1179 2649 1182 2654 -

624 2717 781 2789 πολιορκίαν
800 2716 882 2781 ’δόξης

696 2901 740 2969 41,
765 2902 781 2952 5
805 2918 831 2954 u.
852 2901 881 2951 6:
903 2895 930 2946 εἰι
948 2894 999 2960 μὲν
1016 2891 1068 2962 χίιρ
1086 2890 1134 2942 τοῦ

623 2989 754 3059 πελάχσυς
765 2988 778 3040 ὁ
789 2980 1073 3052 κλίνάιονπρσσεπὲλασε
1080 2983 1134 3035 τοῖς

626 3080 710 3150 ἔργοις
724 3077 801 3145 κῆτος
824 3075 939 3127 ἄπιστον
958 3073 989 3123 τὸ
1011 3074 1134 3140 με’χεθσς,

626 3170 640 3221 ὅ
653 3167 805 3238 προσπεσὸν
817 3167 854 3230 aqi
867 3164 969 3232 χώματι
983 3162 1066 3214 κακὸν
1084 3161 1134 3228 μὲν

625 3257 702 3310 οὐδὲν
715 3254 864 3327 εἰργάσατο,
884 3253 919 3320 τῷ
934 3251 956 3304 δ’
970 3253 1049 3322 ε’τὲριρ
1061 3253 1135 3320 με’ρει

627 3351 673 3399 τοῦ
705 3347 828 3414 σώματος
858 3340 1135 3413 προσανακεκλιμένον

611 3435 615 3458 ³
629 3437 673 3488 ἐπὶ
686 3436 770 3488 πολίίι
783 3435 878 3505 χρόνον
891 3433 964 3501 ἔμενε
977 3436 1022 3482 καὶ
1034 3428 1135 3495 πολλὴν

628 3524 794 3591 κατάπληξιν
815 3524 1012 3593 παρείχετοτσῖς
1030 3521 1134 3586 θεωμέ-

629 3639 683 3674 νοις
702 3617 732 3668 τὸ
755 3614 917 3685 παράδοξον,
941 3611 1024 3664 πάλιν
1049 3612 1072 3663 ά
1101 3610 1136 3666 είς

628 3709 659 3760 τί)
673 3706 786 3776 πέλαγος
795 3705 944 3772 νηξάμενον
961 3700 995 3757 είς
1012 3699 1134 3754 δεισιδαι-

627 3801 726 3867 μονίαν
759 3795 924 3865 ἀμφοτέρους
958 3792 1134 3863 πρσηχάχετσ.
