2642 4242
557 126 742 181 -27-=

68 305 210 365 borum
239 301 358 365 inscio
396 302 535 365 codices
558 302 656 365 LBC
686 304 796 366 multa
825 304 988 368 omittunt
1006 312 1050 367 ¹et
1073 310 1208 367 contra-
1283 359 1290 363 .

71 419 188 501 hunt;
212 419 248 481 in
267 419 431 481 versione
447 417 524 481 Iulii
539 418 675 481 Valerii
690 420 898 482 brevissime
914 437 973 483 res
989 419 1206 484 describitur.

74 552 177 615 quae
213 534 407 612 citavimus
443 535 669 598 inveniuntur
702 535 738 597 in
773 535 893 598 codice
921 534 965 614 A,
1001 536 1061 615 qui
1094 535 1209 598 reddit

73 651 384 713 narratiunculam
419 670 440 714 a
474 651 613 732 poetica
647 650 788 714 licentia
812 660 999 731 ¹sumptam
1032 651 1100 713 hoc
1134 650 1208 715 lere

76 767 199 829 modo.
237 784 317 829 cum
346 766 549 830 advenisset
577 775 716 846 tempus
739 766 972 847 partitudinis
1009 765 1208 847 Olympiam

75 883 246 964 reginam
262 883 464 946 consedisse
480 892 621 963 partum
637 883 825 964 edituram;
842 882 1084 947 Nectanebum
1100 893 1208 946 astro-

76 1002 207 1079 logum
230 1000 453 1065 assistentem
477 1006 582 1080 atque
605 1000 849 1079 inspicientem
872 1000 1026 1066 siderum
1041 1009 1157 1063 motus
1174 1009 1208 1062 et

78 1115 278 1199 zodiacum,
313 1116 504 1179 inhibuisse
539 1113 722 1178 mulierem
755 1116 1045 1195 ingemiscentem
1082 1134 1208 1196 parere

79 1240 168 1296 ante
191 1231 324 1311 horam,
349 1248 418 1313 qua
441 1232 550 1295 filium
572 1240 685 1295 totum
708 1249 788 1295 esse
811 1240 1065 1312 occupaturum
1088 1234 1209 1297 orbem

79 1357 262 1411 terrarum
291 1347 446 1411 siderum
472 1349 545 1411 ‘situ
573 1349 793 1411 nuntiaretur
802 1352 834 1430 1).
871 1350 1057 1413 nonnullas
1086 1350 1208 1412 stellas

81 1482 168 1528 curn
195 1464 366 1527 infaustas
396 1474 431 1528 et
454 1465 611 1528 infelices
635 1483 715 1528 esse
739 1465 951 1529 ostendisset
973 1464 1207 1544 Nectanebus‚

80 1590 225 1661 tempus
255 1580 380 1644 adesse
409 1582 469 1645 ubi
491 1598 640 1662 puerum
664 1581 784 1645 ederet
808 1580 991 1662 Olympias
1015 1599 1095 1643 eum
1118 1581 1207 1645 affirss

80 1714 213 1776 masse,
243 1697 279 1760 in
307 1698 422 1760 medio
452 1698 544 1761 enim
573 1699 684 1762 caelo¹
702 1698 858 1778 conspici
881 1698 1000 1761 arietis
1023 1696 1208 1760 Ammonis

82 1813 194 1893 sidus
225 1812 318 1894 quod
347 1814 417 1876 filio
446 1815 590 1895 reginae
620 1815 775 1877 omnium
803 1814 960 1895 gentium
983 1813 1208 1896 portenderet

82 1930 278 2010 imperium.
315 1930 425 2010 ipsius
454 1931 635 2011 scriptoris
664 1932 775 1994 verba
804 1930 931 1994 afferre
958 1930 1064 1994 liceat
1086 1928 1113 2011 (Ι
1138 1932 1206 2010 12);

82 2046 220 2112 κάθισον
254 2048 400 2126 εὐκόπως
434 2050 504 2113 νυνί
534 2051 581 2127 δὴ,
618 2053 744 2128 βασιλεῖ
772 2048 850 2129 (leg.
883 2049 1057 2129 βασίλισσα
1065 2050 1101 2128 'll
1124 2049 1207 2127 πρὸς

82 2166 145 2231 τὸν
167 2164 352 2243 εὐεργεσίας
366 2165 554 2245 (Εἰλειθυίας
570 2163 639 2225 nisi
655 2166 841 2244 εὐεργεσίας
858 2163 999 2227 Iunonis
1016 2162 1206 2245 epitheton)

85 2282 205 2360 δίφρον
228 2282 278 2345 καί
302 2281 393 2345 δίδου
417 2256 657 2360 περισσοτέρως
682 2282 733 2345 καὶ
762 2282 980 2360 εὐτονοτέρως
1008 2281 1067 2359 τὰς
1096 2301 1207 2358 γεννη-

84 2398 176 2477 τρίας
200 2396 327 2475 ὠδίνας.
352 2397 370 2460 ὁ
394 2398 455 2475 γὰρ
479 2398 717 2477 φιλοπάρθενος
729 2398 812 2475 Ζεὺς
837 2397 1076 2477 μηροτρόφιτυν
1100 2399 1208 2476 (μηρο-

84 2515 204 2593 τραφῆ)
246 2511 352 2591 εὔδιος
388 2513 556 2584 Διόνυσον
595 2512 764 2592 ἀναδείξας
806 2512 927 2589 εὔδιον,
968 2513 1206 2592 μεσουρανίσας

86 2630 175 2708 κριὸς
186 2627 317 2707 Ἄμμων
339 2630 512 2708 γενόμενος
537 2630 588 2694 ἐπὶ
612 2632 670 2695 τόν
685 2629 853 2709 εἰδύχροον
867 2630 984 2709 ἴσχυον
1000 2633 1075 2710 (γεν.
1091 2628 1207 2708 εἰλυχρ.

88 2744 230 2824 ίσχνόνῖ)
238 2744 584 2834 Αίγυπτονιᾶνθρωπον
597 2746 841 2825 κοσμοκράτορα
854 2748 987 2826 βασιλέα
998 2745 1207 2810 ἀποκαθιστᾶ.

86 2860 184 2944 ταύτῃ
208 2867 246 2945 τῇ
274 2860 343 2943 ὥρᾳ
366 2862 534 2949 γέννησον.
563 2860 645 2941 Ἅμα
669 2863 705 2925 δὲ
728 2866 823 2926 τοῦτο
848 2862 948 2926 εἰπεῖν
971 2862 1132 2939 πεσόντος
1155 2862 1207 2925 ἐπὶ

87 2982 146 3057 γῆς
168 2980 225 3041 τοῦ
251 2979 400 3055 βρέφους,
424 2977 573 3056 ἀστραπὴ
596 2979 738 3055 γέγονεν,
763 2980 880 3057 βροντὴ
903 2978 1043 3057 ἐξήχεσε,
1072 2980 1205 3057 σεισμός

88 3093 222 3170 ἐγένετο,
246 3092 332 3157 ὥστε
353 3095 412 3158 τὸν
435 3093 540 3157 πάντα
563 3094 686 3170 κόσμον
709 3098 945 3173 συγκινηθῆναι.
978 3110 1067 3155 voce
1091 3110 1206 3173 μεσου-

89 3208 222 3288 ρανίσας
246 3210 335 3288 κριὸς
351 3207 482 3287 Ἄμμων
505 3209 679 3287 γενόμενος
695 3208 846 3287 primum
862 3208 956 3271 diem
971 3209 1102 3271 mensis
1114 3208 1206 3287 Tybi

90 3340 166 3387 esse
190 3322 425 3403 significatum
449 3341 556 3403 supra
580 3323 804 3388 ostendimus.
836 3342 926 3405 quae
950 3342 1031 3388 cum
1053 3325 1103 3388 ita
1125 3325 1205 3403 sint,

91 3456 157 3520 quo
185 3426 343 3519 tempore
372 3449 476 3503 natus
506 3448 601 3503 esset
629 3457 694 3503 rex
717 3439 956 3504 Alexandriae
984 3449 1107 3504 notum
1134 3458 1206 3504 non

186 3647 212 3711 1)
231 3648 376 3713 παραστὰς
400 3648 430 3700 δὲ
454 3648 526 3715 αὐτῇ
551 3649 567 3700 ό
591 3648 772 3712 Νεκτανεβὼς
796 3648 1008 3714 καταμετρήσας
1030 3649 1097 3711 τοὺς
1122 3649 1206 3714 οὐρα-

90 3745 162 3809 νίους
184 3750 245 3799 τῶν
268 3746 396 3812 ἀστέρων
419 3746 540 3813 δρόμους
556 3746 625 3812 πρὸς
642 3746 697 3810 τὴν
715 3750 776 3799 τῶν
794 3746 942 3800 Ζωδιακῶν
962 3747 1073 3799 κύκλων
1098 3746 1206 3812 κίνησιν

92 3844 163 3898 εῑπε·
172 3844 307 3911 ἀνάστηθι
324 3844 422 3911 μικρὸν
440 3844 472 3898 ἐκ
483 3849 535 3898 τοθ
555 3845 657 3911 δίφρου
671 3847 826 3911 περίπατον
839 3843 902 3912 [τὴν
915 3843 1003 3913 ὥραν]
1016 3846 1204 3911 λαμβάνουσα.

91 3944 168 4010 δγόρ
186 3944 293 4009 καρπὸς
312 3943 381 4013 (leg.
401 3944 488 4009 ὁγὰρ
508 3942 647 4025 καρκίνος)
667 3946 712 3996 καί
730 3944 747 3997 ὁ
764 3943 903 4009 παμφαὴς
920 3945 999 4009 ἥλιος
1019 3986 1025 3996 .
1046 3985 1052 3996 .
1072 3986 1078 3997 .
1099 3985 1105 3997 .

192 4042 217 4108 2)
236 4042 326 4094 Verba
335 4044 407 4093 uncis
417 4042 526 4104 inclusa,
536 4044 633 4109 quibus
642 4041 790 4093 Muellerus
799 4043 909 4093 correxit
916 4043 985 4093 illud
993 4049 1078 4111 caput,
1087 4043 1205 4109 repetivi.

1248 4089 1306 4181 l
