2642 4242
509 293 734 358 *13*

92 478 199 537 auctor
233 473 383 556 coagruit
414 473 445 537 in
478 472 665 536 narratione
693 471 734 536 de
757 471 831 534 navi
854 470 1008 535 bitumine
1031 492 1069 532 ac
1092 472 1155 538 sul-

88 580 184 665 phure
216 580 314 662 illita,
357 600 453 665 quarn
486 578 575 664 Tyrii
611 580 643 642 in
677 578 757 642 duas
790 585 896 642 turres
937 578 1155 652 immiserunt:

90 686 247 752 Arrianus
272 694 379 752 autern
403 686 533 751 uberius
559 685 599 750 do
623 685 685 750 hac
707 708 743 749 re
767 685 905 753 disserit.
1064 684 1066 687 ’

172 793 272 878 Quod
306 794 428 859 iactum
461 816 540 876 esse,
576 795 651 858 dum
675 791 863 857 Alexander
895 793 928 855 in
953 794 1156 877 expeditione

90 902 119 964 in
135 901 421 985 Arabiamaberat,
441 901 571 966 Curtius
586 902 673 972 dicit,
696 901 836 965 Fontem
853 899 895 964 ad
912 920 1006 985 quem
1026 901 1156 966 Curtius

91 1017 119 1072 et
149 1008 312 1072 Arrianus
356 1015 504 1092 spectant
537 1031 635 1073 unum
670 1031 708 1072 ex
741 1007 867 1072 duobus
899 1007 1042 1071 fontibus
1075 1028 1155 1089 esse,

90 1115 199 1198 quibus
240 1114 400 1179 Arrianus
441 1116 613 1198 praecipue
646 1116 748 1180 utitur
782 1115 950 1179 verisimile
981 1121 1040 1186 est,
1094 1115 1157 1199 Est

91 1231 195 1287 autem
219 1221 441 1304 Aristobulus,
467 1228 503 1285 ut
528 1223 625 1307 paulo
649 1229 724 1306 post
748 1221 1049 1293 demonstrabimus,

71 1358 73 1368 =
159 1329 285 1396 5)(11111.
305 1326 358 1382 IV.
384 1327 409 1394 4,
430 1328 477 1382 10:
501 1328 592 1381 Biduo
719 1328 837 1382 Aruss.
855 1326 898 1396 23,
915 1332 941 1383 l:
964 1331 1046 1398 Τρίτῃ
1060 1325 1087 1379 δὲ
1101 1327 1157 1379 ἀπὸ

91 1417 186 1470 deinde
206 1418 243 1470 ad
262 1407 383 1484 qitietom
409 1418 475 1470 dato
498 1418 592 1471 militi·
648 1417 749 1483 ταύτης
767 1415 852 1484 ἡμέρᾳ
872 1457 877 1467 .
899 1457 904 1468 .
925 1457 932 1468 .
952 1457 957 1468 .
983 1416 1007 1472 ἐς
1026 1416 1056 1468 τὸ
1081 1416 1158 1486 ἔργον

90 1507 138 1560 bus
156 1508 294 1574 iussisque
312 1511 343 1564 ,et
360 1507 476 1558 classem
496 1511 525 1558 et
537 1525 593 1560 ma·
648 1506 727 1575 arripe
746 1506 780 1577 τῇ
798 1504 874 1557 πόλει
894 1504 937 1556 ἐπὶ
959 1504 1010 1557 τῶν
1027 1506 1093 1557 tanin
1111 1508 1158 1563 τὰς

91 1595 182 1648 chinas
202 1595 309 1663 pariter
328 1595 485 1650 admovere.
648 1595 767 1662 μηχανάᾱ
788 1636 793 1647 ,
814 1635 820 1646 .

90 1759 91 1764 ,
177 1701 381 1782 Petersdorff
417 1701 450 1764 in
483 1702 709 1768 dissertatione
741 1725 800 1769 sua
832 1704 876 1790 (p,
912 1708 951 1769 15
986 1705 1069 1792 sqq.)
1103 1707 1159 1792 qui

92 1807 260 1872 nonnullos
294 1809 411 1873 horum
450 1809 594 1874 locorum
627 1812 711 1875 inter
743 1833 777 1875 se
810 1813 1053 1894 congruentium
1087 1834 1157 1895 per-

94 1916 213 1998 spexitp
231 1915 382 1998 opinatur
410 1914 558 1981 Curtium
582 1917 642 1982 hos
674 1919 761 1983 locos
779 1942 889 1986 omnes
916 1941 954 1983 ex
968 1918 1157 1985 Ptolemaeo

93 2022 242 2092 hausisse,
289 2022 494 2104 Argumenta
526 2032 643 2108 autem,
677 2047 760 2111 quae
793 2026 995 2091 Petersdorff
1023 2029 1159 2110 protulit

94 2131 176 2196 nullo
209 2129 306 2194 modo
339 2130 580 2214 comprobanda
613 2140 696 2206 sunt.
742 2135 803 2198 Ait
831 2137 915 2198 enim
940 2135 983 2219 (p.
1009 2138 1051 2202 20
1075 2137 1157 2222 sqq.)

95 2239 139 2318 „si
167 2247 212 2302 et
245 2237 424 2302 Ptolemaei
465 2247 496 2304 et
528 2239 712 2304 Aristobuli
744 2240 926 2322 fragmenta
957 2245 1158 2325 perspexeris

94 2345 180 2410 illum
204 2368 257 2410 res
282 2346 322 2409 ab
346 2346 539 2413 Alexandro
564 2354 672 2430 gestas
696 2348 925 2431 expeditiones,
949 2350 1083 2432 proelia,
1107 2372 1158 2416 res

95 2451 221 2518 bellicas
244 2475 402 2536 narrasse,
428 2454 513 2518 hunc
531 2457 703 2538 praecipue
720 2464 834 2540 terras,
855 2458 1001 2541 populos,
1019 2458 1158 2542 plantae,

95 2559 202 2626 fluvios
227 2562 433 2644 descripsisse
458 2567 663 2644 cognosces.“
714 2564 831 2650 ltaque
856 2565 897 2630 ob
921 2565 1004 2629 hane
1027 2587 1159 2631 causam

96 2669 260 2733 verisimile
291 2671 392 2734 videri
425 2693 444 2734 a
469 2669 582 2734 (lurtio
614 2669 685 2734 illos
718 2670 806 2736 locos
831 2696 869 2735 ex
892 2672 1082 2740 Ptolemaeo
1107 2695 1159 2737 ex·

97 2777 229 2860 scriptos
255 2799 334 2846 esse.
381 2777 559 2842 Arrianum
589 2778 673 2841 enim
697 2781 875 2843 narrationi
900 2781 939 2844 de
962 2778 1159 2862 Sisygambis

101 2882 325 2967 deprecatione
350 2905 422 2948 cum
441 2885 552 2949 Curtio
572 2888 790 2950 consentiente
806 2887 904 2952 verba
919 2889 1159 2973 praeposuisse:

101 2998 299 3080 Πτολεμαῖος
346 2997 382 3061 dl·
421 2989 438 3058 ὁ
471 2995 582 3079 Adyou
619 3000 718 3080 λέγει,
755 2994 840 3058 unde
881 2998 958 3059 satis
1000 3017 1160 3082 apparere

99 3099 184 3164 illam
216 3101 435 3165 narrationem
464 3101 501 3163 in
533 3101 725 3167 Aristobulo
758 3102 914 3186 defuisse,
953 3103 994 3168 ob
1025 3124 1160 3190 eamque

98 3227 223 3272 causam
256 3231 275 3272 a
299 3207 418 3272 Curtio
441 3231 479 3273 ex
502 3209 691 3274 Ptolemaeo
716 3232 785 3274 esse
808 3210 967 3281 haustam.
1014 3211 1159 3276 Tertium

99 3315 222 3398 quidem
255 3324 479 3398 argumentum
503 3317 707 3381 Petersdorff
736 3319 893 3402 opinionis
925 3341 1001 3383 suae
1025 3320 1160 3405 protulit

99 3422 203 3487 locum
227 3423 317 3510 'apud
342 3422 490 3512 Curtium
506 3424 573 3495 1Χ,
599 3431 672 3507 5,21
698 3425 753 3488 ubi
776 3426 827 3490 hic
850 3428 919 3511 ipse
938 3426 1160 3492 Ptolemaeum

101 3517 250 3598 citaverit.
299 3532 348 3596 At
377 3535 505 3604 iniuria,
555 3533 587 3597 N
591 3556 642 3597 am
674 3534 795 3598 maiore
828 3557 899 3598 cum
931 3535 1161 3620 probabilitate

101 3637 310 3706 demonstrari
342 3648 450 3726 potest
482 3641 565 3705 hanc
589 3641 812 3706 Petersdort'fii
836 3645 1028 3727 opinionem,
1054 3645 1104 3708 cui
1127 3646 1159 3707 in

101 3744 220 3810 duobus
245 3749 363 3812 ultimis
387 3749 465 3812 locis
491 3749 587 3812 etiam
607 3747 827 3835 Broecker30)
853 3752 1020 3835 consentit,
1045 3751 1160 3815 falsam

168 3932 200 4004 30)
222 3935 412 3990 Broeelrer:
434 3933 571 3990 Moderne
592 3924 908 4002 Quellenforscher'ete.
925 3952 954 4006 p,
974 3932 1009 3990 10
1026 3936 1055 3988 et
1073 3931 1116 3988 11.
