2642 4242
575 282 799 346 ,μή

151 439 270 528 (1124)
295 449 408 508 narrat
433 440 547 527 Tyrios
572 444 698 524 navigia
723 443 833 524 procul
849 468 868 505 a
884 450 1059 524 conspeetu
1076 440 1223 507 hostium

149 552 236 615 litori
270 551 432 633 appulisse
456 549 718 635 Macedonesque
752 552 875 633 aliquot
904 573 1035 614 necasse
1060 552 1225 615 extortio

149 660 238 722 fonte
265 659 382 723 hausta
411 666 495 726 sunt,
544 658 625 721 Turn
660 660 691 721 iu
725 658 787 721 fine
820 659 931 741 capitis
950 658 994 727 ΙΙ.
1021 656 1153 722 Curtius
1183 681 1225 720 ex

151 767 262 832 eodem
288 767 379 830 sonte
403 765 913 829 11111111111111111111111111111
937 766 1027 829 illum
1053 766 1094 828 de
1113 766 1225 831 Mace-

151 874 286 938 donibus
311 876 342 937 iu
368 874 495 936 Libano
520 872 561 935 ab
587 871 752 936 Arabihus
777 874 951 937 interfectis
976 875 1120 945 inseruit,
1168 874 1225 937 Ea

150 1006 202 1047 res
226 982 450 1045 Alexandrum
477 978 617 1043 dividere
642 982 751 1063 copias
777 982 894 1069 coegit:
924 982 1014 1065 operi
1039 982 1225 1049 Perdiccan

150 1091 375 1171 Crateronque
399 1088 562 1170 praefecit,
589 1088 657 1169 ipse
675 1109 747 1151 cum
771 1088 922 1171 expedita
946 1112 1043 1152 manu
1061 1090 1224 1153 Arabiam

149 1199 252 1280 petiit,
299 1196 426 1259 Arabia
450 1193 575 1257 rediens
593 1193 780 1257 Alexander
804 1196 895 1259 mulis
919 1196 970 1258 111
997 1196 1063 1260 ulla
1086 1198 1224 1279 vestigia

149 1307 271 1369 invenit
286 1302 338 1389 '(3‚
358 1303 399 1387 7).
448 1299 539 1382 Quae
564 1299 696 1363 Curtius
720 1302 751 1363 11
777 1300 832 1387 §a
858 1312 969 1365 narrat
986 1301 1110 1387 Tyrios
1136 1325 1222 1388 quae

150 1412 193 1477 ad
217 1404 454 1493 impediendam
480 1408 595 1471 molem
613 1409 788 1489 excogitari
804 1416 965 1491 poteraut,
991 1412 1132 1493 seguiter
1157 1433 1223 1475 uon

151 1532 301 1584 executus
335 1539 413 1598 esse,
450 1537 552 1600 acque
586 1537 623 1577 ac
656 1514 735 1599 §id
768 1538 895 1597 quoque
928 1540 965 1581 ex
999 1519 1094 1581 tertio
1131 1518 1223 1583 sonte

93 1706 98 1713 Ι
150 1629 268 1692 hausta
291 1633 375 1691 sunt.
424 1624 479 1689 Ad
505 1624 642 1688 eundem
666 1625 789 1687 fontem
815 1622 946 1688 Curtius
974 1626 1005 1687 in
1029 1628 1070 1709 ἐξ
1091 1629 1224 1691 tc-rs

152 1736 193 1801 de
218 1742 411 1821 tempestate
436 1739 572 1816 spectat,
598 1753 670 1795 cum
688 1733 784 1795 ceteri
808 1731 912 1795 fontes
938 1732 1118 1797 debuere
1143 1734 1224 1797 nihil

150 1844 302 1913 referant,
350 1840 499 1903 Curtium
526 1861 597 1902 cum
622 1838 699 1921 §16
724 1838 846 1902 sontem
870 1847 1012 1904 mutasse
1043 1841 1121 1903 mihi
1145 1844 1225 1905 veri·

151 1951 252 2015 simile
277 1957 334 2032 est,
360 1955 530 2031 praetcrea
547 1946 633 2027 quod
657 1946 724 2027 in.§
744 1950 782 2008 15
809 1946 862 2009 1111
879 1949 936 2011 ait:
964 1949 1030 2029 „sic
1048 1950 1224 2013 instructas

151 2057 377 2140 quadriremes
403 2054 446 2117 ad
471 2053 582 2116 urbem
606 2052 768 2134 1311111111ί
799 2061 830 2117 11
853 2054 943 2118 111111
969 2055 1069 2141 §162
1093 2056 1225 2138 „media

152 2171 308 2245 nexerat,
327 2185 398 2225 eum
410 2162 554 2243 classem,
571 2160 664 2223 siculi
676 2158 795 2223 dictum
813 2168 869 2241 est,
887 2170 1034 2243 paratam
1053 2164 1224 2227 circumire

153 2294 263 2337 muros
287 2271 385 2335 iubet.
434 2268 486 2331 Ex
510 2268 571 2331 h'oc
595 2266 691 2330 tertio
716 2266 804 2331 fonte
836 2289 874 2330 ea
899 2290 1035 2354 quoque,
1068 2293 1149 2352 quae
1176 2293 1225 2334 se·

153 2388 296 2463 quantur
321 2377 408 2461 apud
433 2376 579 2440 Curtium
605 2373 679 2458 (IV.
707 2376 898 2460 3,]1-15)
922 2378 1081 2458 usquead
1106 2378 1222 2446 rerba:

152 2494 233 2571 „aut
256 2488 329 2570 ipsa
354 2485 471 2565 naviga
493 2481 701 2545 lacerabant‘
726 2481 842 2545 hausta
866 2491 953 2553 sunt:
982 2484 1081 2567 legati
1106 2485 1223 2549 ΧΧΧ

152 2594 468 2677 Carthaginiensium
486 2592 725 2674 superveniunt,
758 2588 847 2671 Quos
864 2592 963 2674 pardo
985 2602 1059 2675 post
1084 2594 1226 2657 alteram

150 2710 380 2787 tempestatem
397 2699 540 2764 aCurtie
558 2707 722 2761 narra-lam
741 2697 905 2762 advenisse
921 2706 1082 2781 putemne,
1102 2701 1227 2783 quippe

152 2810 375 2876 Macedonum
408 2830 505 2871 naves
543 2814 655 2889 portus
692 2805 945 2890 praecludebant
983 2815 1081 2889 atque
1113 2830 1225 2872 muros

151 2918 294 2999 undique
328 2914 552 2987 circumibant,
598 2913 716 2995 Legati
748 2920 856 2976 autem
887 2912 1014 2978 Poenos
1047 2914 1226 2980 domestico

152 3026 240 3092 bello
268 3024 417 3110 impediri
442 3047 501 3089 uec
526 3024 565 3086 de
588 3022 723 3105 imperio
753 3020 809 3084 sed
841 3042 900 3104 pre
932 3022 1036 3085 salute
1069 3023 1225 3087 dimicare

151 3133 369 3217 nuntiante)
420 3133 536 3213 Neque
570 3139 678 3193 tamen
707 3127 796 3211 Tyrii
829 3129 974 3193 deiecere
1006 3131 1130 3212 animle,
1165 3132 1224 3195 sed

154 3242 306 3323 coniuges
344 3240 526 3323 liberosque
563 3236 765 3301 devehendos
803 3235 1032 3319 Carthaginem
1071 3238 1221 3310 tradunt,

154 3351 211 3416 Ad
236 3351 299 3416 hoc
323 3347 522 3417 eonferenda
546 3354 621 3410 suut
645 3366 683 3409 ea
707 3366 790 3426 quae
808 3343 938 3409 Curtius
962 3345 1025 3409 alio
1050 3346 1121 3411 loeo
1147 3346 1222 3430 (lV.

154 3466 183 3542 2,
228 3457 370 3545 10-11)
419 3456 572 3525 narravit,
619 3454 671 3517 Eo
712 3454 782 3537 ipso
824 3460 968 3535 tempore
1007 3454 1104 3537 paulo
1146 3462 1223 3518 ante
1255 3508 1258 3513 .

151 3643 363 3651 *W

226 3745 259 3813 ⁰0)
282 3744 466 3813 Carthagines
486 3747 612 3808 tempore
625 3740 778 3793 obsidionis
792 3738 860 3807 Tyri
880 3757 895 3791 a
909 3738 1089 3807 Syracusanis
1106 3744 1221 3793 vexatos

164 3852 222 3887 esse
241 3852 378 3901 nusquam
401 3834 642 3886 commemoratur.
680 3826 807 3880 Curtium
831 3829 876 3881 vel
900 3828 1004 3882 fontem
1028 3830 1087 3882 eius
1112 3846 1221 3885 errasse

150 3940 271 3977 >necesse
290 3939 349 3977 erse
367 3924 424 3977 iam
444 3921 562 3976 Sanctus
581 3918 697 3973 Crucius
715 3919 734 3970 l.
753 3935 774 3971 e.
795 3935 821 3987 p.
842 3916 982 3971 art-276
1001 3919 1138 3991 exposuit.
