2642 4242
595 255 817 326 ..14-

169 464 253 508 esse:
285 448 382 527 atque
414 439 553 526 primum
577 440 706 526 quidem
732 440 849 504 falsum
873 451 922 504 est
946 438 1129 505 Aristobuli
1152 438 1233 523 frag·

166 556 276 614 menta
314 549 487 634 praecipue
528 554 631 613 terras
673 549 810 634 populos
853 547 980 632 plantas
1019 548 1233 634 descripsisse,

168 677 242 720 nam
276 656 305 720 iu
341 656 449 720 decem
483 656 672 740 fragmentis
710 676 761 718 res
802 655 936 718 bellicae
976 655 1153 720 traduntur
1193 657 1233 733 id,

169 761 254 849 quud
278 763 342 828 iam
362 763 578 849 Pracnlrclffl)
602 770 691 827 recte
714 763 848 833 notavit,
882 760 978 844 Quod
1002 783 1100 847 porro
1121 765 1234 828 attinet

168 870 210 934 ad
235 870 501 956 supplicationem
526 869 734 954 Sisygambis‚
759 891 824 955 qua
848 870 881 932 in
904 890 939 933 re
962 868 1140 936 Arrianum
1166 893 1232 933 cum

168 976 281 1043 Curtio
314 999 490 1059 congruere
522 976 775 1062 Petersdorff32)
808 982 840 1039 et
867 975 1086 1062 Broeclrer33)
1120 984 1233 1063 putant

167 1084 220 1148 hic
244 1106 380 1170 quoque,
415 1087 441 1149 si
464 1107 531 1149 rem
557 1085 704 1150 subtilius
728 1083 993 1165 investigabimus
1016 1082 1088 1147 illos
1113 1106 1233 1148 errasse

169 1191 379 1277 comprobare
412 1213 593 1278 possumus,
648 1193 721 1256 Iam
749 1190 966 1277 Praenlrelffl)
1000 1190 1040 1255 de
1071 1191 1134 1255 hoc
1165 1191 1232 1255 loco

168 1320 237 1364 eam
280 1300 472 1364 sententiam
504 1298 658 1384 protulit,
703 1297 789 1383 apud
823 1297 971 1364 Curtium
1010 1297 1099 1395 nullo
1141 1296 1232 1363 modo

71 1425 76 1432 ·
167 1405 348 1472 Ptolemaei
390 1405 608 1470 narrationem
650 1405 781 1471 subesse
821 1405 878 1470 sed
919 1404 1084 1476 Clitarchi,
1147 1403 1233 1488 Quae

170 1513 278 1598 opinio
302 1514 343 1578 ab
368 1534 405 1578 eo
429 1534 494 1578 non
516 1515 594 1577 satis
614 1513 811 1596 argumentis
828 1513 1018 1578 confirmata
1034 1520 1093 1583 est.
1127 1512 1232 1577 Arriu-

168 1641 227 1684 nus
261 1619 344 1684 enim
378 1621 458 1708 (ΙΙΙ,
495 1624 582 1705 17,6)
614 1619 693 1684 dicit
721 1619 945 1685 Ptolemaeum
977 1642 1112 1686 narrare
1137 1621 1231 1686 Darei

170 1734 316 1810 matrem¹
331 1750 390 1813 pro
415 1728 505 1793 Uxiis
531 1727 731 1814 supplicasse
754 1726 944 1793 Alexandro
969 1749 1148 1814 agrumque
1173 1730 1231 1792 eius

168 1843 286 1918 rogatu
316 1835 376 1900 illis
409 1835 613 1900 incolendum
638 1857 707 1900 esso
731 1834 853 1899 datum.
900 1835 1005 1898 Paulo
1030 1843 1107 1902 auto
1131 1844 1230 1900 autom

169 1940 331 2008 Arrianus
349 1941 474 2007 dixerat
485 1941 586 2006 Uxios
605 1965 702 2025 aegre
717 1943 825 2007 multis
835 1943 985 2028 precibus
996 1943 1036 2007 ab
1047 1943 1230 2008 Alexandro

168 2049 369 2135 impetrasse,
403 2055 440 2114 ut
467 2071 619 2131 agrorum
643 2043 999 2134 suorum'possessiono
1022 2051 1101 2135 ipsis
1126 2052 1231 2130 relicto

95 2146 97 2150 ¹
169 2177 278 2221 annua
316 2155 439 2221 tributa
479 2157 667 2243 penderent,
723 2158 763 2221 Iu
803 2165 949 2222 extrema
976 2144 1096 2243 'capitis
1134 2172 1229 2244 parte,
1269 2146 1270 2149 ¹

170 2263 285 2350 quibus
310 2285 349 2328 ex
371 2263 467 2328 rebus
490 2263 647 2329 tributum
671 2265 857 2350 impositum
882 2272 1054 2346 constaret,
1088 2266 1228 2330 refertur.

168 2371 241 2436 Iam
276 2393 346 2435 cum
371 2371 532 2434 Arrianus
555 2355 779 2438 Ptolemaeum
811 2372 978 2438 morloide
1002 2365 1230 2456 supplicatione

170 2476 371 2562 Sisygambis
406 2483 520 2542 testem
554 2486 781 2543 commemoret
804 2479 896 2544 nobis
921 2501 980 2564 pro
1005 2487 1094 2543 corto
1119 2478 1228 2543 haben·

171 2585 247 2649 dum
281 2593 343 2667 est,
378 2592 485 2650 cetera
517 2585 638 2666 omnia⁷
674 2607 757 2672 quae
790 2586 830 2651 rle
861 2587 950 2651 Uxiis
984 2586 1178 2666 referuntur,
1214 2606 1229 2645 a

169 2675 379 2758 Ptolemaeo*
400 2699 432 2757 et
463 2691 656 2758 Aristobulo
689 2696 722 2758 iu
755 2693 914 2779 capitibus
946 2693 1229 2775 rei‚cungruentcr·

169 2807 303 2866 narrata
344 2800 451 2871 fuisse.
515 2799 580 2865 Seri
622 2823 843 2888 comparemus
884 2801 981 2866 etiam
1020 2801 1228 2864 narrationem

170 2906 276 2972 Curtii
300 2907 355 2992 (V.
381 2913 412 2989 3,
448 2912 487 2973 12
513 2909 605 2996 squ),
641 2911 695 2995 qui
720 2910 803 2974 hanc
831 2930 897 2973 rem
922 2909 1104 2974 accuratius
1127 2906 1227 2972 refert.

172 3013 290 3079 'rradit
314 3014 396 3078 enim
414 3015 515 3080 Uxios
541 3017 665 3080 occulto
683 3015 850 3081 itineread
871 3013 1084 3098 Sisygambim
1103 3013 1227 3082 misisse,

170 3120 224 3206 qui
248 3127 404 3205 peterent,
437 3129 473 3187 ut
504 3123 576 3207 ipsa
599 3145 707 3204 regem
731 3125 901 3205 mitigaret.
949 3123 1015 3186 Diu
1039 3115 1227 3205 Sisygambis

170 3228 348 3312 supplicum
374 3229 522 3314 precibus
546 3252 747 3316 repugnans„
774 3231 816 3295 ad
839 3232 986 3296 ultimum
1013 3229 1096 3293 victa
1120 3223 1227 3313 optatis

170 3335 359 3421 respondem
385 3337 441 3399 serl
465 3338 576 3418 regina
600 3337 660 3400 bac
684 3338 716 3401 in
741 3360 776 3401 ro
800 3339 865 3402 suis
886 3339 1087 3423 potissimum
1104 3329 1226 3399 rationi-

171 3441 230 3506 bus
264 3444 411 3514 consulit,
457 3444 610 3508 Marlatos
636 3446 729 3528 enim,
759 3445 813 3531 qui
839 3446 957 3507 sororis
983 3446 1048 3508 eius
1073 3445 1103 3506 iu
1131 3437 1225 3506 matri·

243 3639 276 3709 31)
296 3640 482 3696 Fraenkel:
503 3641 520 3696 l.
540 3659 563 3694 c.
584 3659 609 3709 p.
630 3641 691 3709 244,
706 3644 746 3694 ¹1⁸2.

241 3729 276 3798 3²)
294 3729 528 3784 Petersdorff:
551 3733 579 3783 in
598 3731 663 3783 diss.
685 3749 704 3782 s.
723 3751 750 3798 p.
770 3734 812 3783 20.

242 3819 275 3891 33)
295 3819 491 3877 Broecker:
512 3820 591 3875 Mod.
609 3819 856 3890 Quellenforscher
874 3824 926 3874 ete.
946 3838 973 3890 p.
996 3819 1036 3873 ll.

242 3911 275 3988 a)
300 3911 486 3970 Fraenkeb
505 3913 523 3967 l.
543 3930 568 3970 c.
585 3930 614 3984 p.
633 3909 695 3966 252.
