2642 4242
539 301 671 360 -as
720 334 762 344 -

110 496 216 558 quem
245 481 381 558 uterque
414 482 540 540 secutus
574 483 631 557 est,
670 497 732 540 000
761 476 894 540 fontem
915 479 1102 560 primarium
1130 477 1187 543 sed

109 584 254 648 eundem
278 585 400 648 fontem
424 584 603 648 derivatum
627 606 695 648 esse
720 605 783 667 que
811 583 976 650 Diodorus
1002 593 1035 649 et
1052 585 1185 650 Curtius

109 693 188 756 aliis
213 713 342 776 quoque
370 690 447 755 loeis
480 693 528 754 usi
562 699 645 761 srmt.
693 693 764 755 Iam
800 714 873 756 vere
899 693 1049 758 Curtium
1072 695 1186 776 ipsum,
1242 700 1245 706 '

109 806 154 863 ut
176 800 241 862 iam
257 798 381 862 Kaerst
406 800 440 879 (1,
466 821 491 862 0,
509 822 541 884 p,
561 804 573 864 1
592 800 614 885 ἱ)
640 801 913 882 commemoravit,
939 800 1021 864 hanc
1043 800 1187 866 fabulam

107 908 148 969 in
174 928 212 969 eo
236 907 508 981 loceeolloeasse.
534 907 588 970 ubi
606 929 676 970 000
693 907 826 986 legimus
844 929 860 969 0
879 907 972 970 certis
991 910 1187 988 argumentis
1220 923 1221 928 ’

109 1020 263 1097 apparet.
296 1012 377 1078 Cum
396 1017 479 1078 enim
496 1014 626 1079 Curtius
650 1016 740 1078 initio
758 1038 791 1078 ca
798 1016 870 1097 pitis
889 1015 949 1086 IV.
974 1025 1188 1096 congruenter

108 1143 189 1184 cum
210 1114 360 1186 ¹Diodoro
385 1123 452 1206 (45,
473 1123 504 1206 7)
528 1125 672 1186 narravit
701 1121 740 1184 de
769 1123 901 1186 consilio
927 1123 1108 1188 Alexandri
1134 1125 1188 1192 ob-

108 1228 273 1292 sidionem
298 1230 441 1294 solvendi
465 1238 524 1294 etc.
552 1252 635 1314 quae
660 1230 701 1294 ab
719 1237 855 1315 utroque
880 1239 1012 1295 auctore
1044 1231 1102 1296 sub
1126 1233 1188 1295 fine

106 1336 312 1400 narrationis
337 1344 637 1408 commemorantur,
665 1336 794 1400 (turtius
824 1338 921 1420 paulo
956 1346 1029 1420 post
1059 1339 1100 1402 ad
1125 1345 1189 1403 tra-

108 1444 257 1507 dendum
280 1452 467 1526 portentum
485 1444 636 1507 (1010100
653 1444 746 1524 redit,
772 1443 811 1508 de
829 1467 894 1527 qua
912 1445 1079 1510 Diodorus
1098 1447 1187 1509 initio

106 1552 282 1615 relationis
308 1553 374 1637 (41,
394 1554 427 1635 5)
452 1553 563 1622 refert,

207 1660 332 1740 Restat,
357 1667 393 1723 ut
408 1660 471 1723 hoc
494 1661 564 1724 loeo
582 1661 679 1722 011000
701 1660 742 1723 ad
761 1660 907 1724 Curtium
926 1659 987 1728 [V.
1005 1664 1036 1740 4,
1057 1664 1186 1725 re-la

109 1773 149 1830 et
174 1766 354 1830 Diodorum
371 1773 423 1848 46,
450 1773 535 1832 2-3
561 1775 752 1848 spectemus
792 1766 871 1849 Quis
889 1775 945 1848 est,
973 1769 1025 1848 qui
1052 1768 1186 1848 dubitet,

109 1875 193 1956 quin
219 1874 349 1937 Curtius
374 1875 422 1938 his
447 1875 525 1938 locis
550 1883 582 1938 et
603 1874 828 1939 Aristobulum
855 1889 886 1942 et
911 1876 1033 1963 fontem
1050 1875 1186 1938 Diodori

109 1989 244 2045 secutus
270 1985 310 2045 sit
334 1989 432 2064 atque
448 1983 533 2045 iuter
557 2006 589 2045 se
608 1984 817 2052 0001000011,
851 1984 962 2065 Atque
986 1971 1187 2065 intempori-

108 2090 177 2153 bus
201 2089 330 2172 quidem
346 2089 535 2153 enarrandis
553 2090 777 2156 Aristebolum
795 2098 922 2155 secutus
948 2097 1005 2172 est,
1032 2091 1088 2154 sed
1114 2090 1186 2153 reli-

109 2200 312 2280 quaomnia
337 2221 375 2262 ex
398 2198 536 2262 Diodori
561 2199 649 2262 100ῑο
674 2199 797 2270 hausit,

205 2307 251 2369 m
284 2306 326 2369 ad
359 2306 446 2370 locos
471 2305 585 2387 Curtii,
620 2308 675 2388 qui
709 2329 780 2370 cum
815 2306 963 2370 Diodoro
997 2313 1184 2388 congruant,

107 2420 260 2477 revertar
283 2414 334 2477 hie
359 2413 529 2477 dicendum
554 2421 601 2479 est
632 2417 664 2477 iu
690 2414 850 2497 capitibus
875 2419 917 2478 m
932 2418 1006 2479 -44
1036 2414 1184 2495 sedecim,

108 2525 148 2586 in
171 2521 275 2585 altera
298 2524 493 2586 narrationis
518 2525 768 2611 patenamque
792 2522 889 2586 modo
909 2522 1007 2602 locos,
1034 2521 1089 2604 qui
1114 2542 1186 2584 con·

110 2638 265 2711 gruentes
290 2633 421 2713 probari
444 2640 584 2714 possent,
610 2634 755 2696 inventos
781 2653 861 2701 esse,

205 2740 295 2804 inter
319 2762 428 2805 omnes
452 2740 528 2822 fere,
561 2743 615 2823 qui
638 2742 671 2804 in
694 2741 756 2804 hoe
780 2741 947 2804 literarum
973 2759 1088 2820 genere
1116 2759 1182 2800 ver-

110 2851 237 2928 santur,
270 2849 349 2912 satis
382 2857 507 2913 constat
540 2849 646 2912 adhuc
670 2848 809 2912 Diodori
834 2870 901 2914 eam
930 2847 1028 2910 fuisse
1054 2867 1184 2910 eonsue-

109 2953 271 3035 tudinem.
295 2963 331 3034 ut
356 2979 454 3019 unum
480 2957 574 3021 modo
596 2957 710 3020 (iucem
727 2962 928 3038 sequeretur,
948 2978 1009 3019 uno
1028 2955 1185 3037 scriptore

110 3069 280 3141 tamquam
314 3062 524 3127 fundamento
558 3064 763 3148 uta-ecura)
812 3061 951 3126 Exsistit
985 3067 1091 3124 autem
1123 3061 1185 3123 hoc

109 3169 187 3231 loce
212 3170 369 3250 quaestio,
395 3177 503 3250 utrum
526 3173 558 3233 in
580 3171 720 3234 Diodori
744 3171 931 3233 narratione
956 3168 995 3232 de
1019 3167 1185 3232 obsidione

111 3275 194 3358 Tyri
226 3297 307 3339 unus
340 3277 436 3342 modo
469 3279 542 3340 1000
575 3277 743 3361 ponendus
779 3279 839 3358 sit,
876 3298 917 3339 an
950 3276 1003 3339 ille
1040 3275 1184 3357 pluribus

110 3383 258 3446 fontibus
291 3406 366 3447 usus
403 3386 452 3447 sit
500 3387 545 3449 Ut
576 3386 616 3449 de
648 3385 709 3448 hac
742 3407 776 3448 re
813 3387 1006 3450 sententiam
1034 3384 1184 3448 idoneam

112 3490 229 3570 dicam,
256 3513 384 3555 necesse
409 3499 458 3555 est
482 3514 535 3556 eus
559 3493 647 3556 locos
672 3492 758 3574 apud
774 3491 958 3554 Diodorum
980 3492 1182 3574 perspiciam,

112 3598 155 3660 de
182 3597 296 3679 quibus
321 3621 385 3662 una
409 3621 481 3662 eum
508 3599 649 3662 Arriano
675 3607 706 3662 et
729 3597 842 3662 Curtio
868 3619 932 3660 000
966 3597 1181 3669 disseruimus,

188 3863 223 3930 78)
243 3866 334 3933 Quam
353 3887 527 3921 communem
544 3868 704 3935 opinionem
724 3871 782 3918 tum
804 3885 854 3934 pro
875 3871 951 3918 certo
971 3867 1105 3918 habemus
1125 3881 1182 3916 esse

113 3975 219 4023 veram,
239 3958 262 4011 si
282 3956 421 4012 Diodorus
441 3962 553 4030 poterat
573 3974 628 4012 000
648 3958 725 4011 toute
750 3956 790 4010 uti
811 3957 930 4030 exempti
951 3973 1033 4009 causa
1055 3954 1180 4024 Polybio,

1174 4159 1295 4218 Ᾱ
