2642 4242
593 137 768 193 -28-

122 316 230 381 fuisse
265 324 358 397 puto,
396 316 489 397 quod
524 316 664 397 quidem
694 316 833 397 scripsit
860 315 979 378 Wirth
1007 316 1246 398 (quaestiones

122 431 335 497 Seuerianae
358 451 390 513 p.
418 432 470 515 42)
500 433 592 513 Tybi
626 450 784 496 mensem
817 449 982 495 manasse
1017 448 1061 493 ex
1096 432 1245 494 solemni

123 548 188 628 die,
224 566 329 631 quem
352 548 568 612 Alexandria
592 548 684 629 Tybi
708 548 847 612 condita
870 550 1000 612 festum
1022 556 1157 627 ageret,
1194 566 1245 624 ea,

47 674 50 677 '
123 682 214 747 quae
237 683 344 746 supra
368 675 450 729 sunt
473 666 633 746 exposita
656 664 889 746 praeferenda
912 682 992 728 esse
1016 682 1154 728 censeo.

210 974 282 1049 VI.
310 976 377 1048 De
407 974 584 1072 aliorum
613 973 863 1069 scriptorum
890 972 1166 1068 argumentis.

229 1130 337 1194 Sexto
361 1130 417 1192 die
441 1129 550 1192 Attici
573 1130 705 1192 mensis
728 1129 974 1209 Thargelionis
996 1130 1112 1191 lucem
1147 1147 1247 1210 aspe-

122 1247 218 1311 xisse
243 1255 277 1309 et
301 1247 508 1309 occubuisse
532 1245 931 1309 mortemAlexandrum
954 1246 1145 1307 memoriae
1170 1264 1247 1325 pro

123 1363 209 1427 didit
231 1361 410 1425 Aelianus,
448 1362 588 1442 scripsit
612 1362 714 1441 enim,
745 1379 825 1425 cum
856 1362 954 1424 illum
981 1362 1074 1423 diem
1097 1360 1248 1424 Graecis

125 1496 264 1560 semper
293 1478 401 1543 fuisse
431 1479 651 1559 auspicatum
681 1478 883 1541 ostenderet
912 1483 955 1561 (v.
981 1476 1170 1559 h,1125):
1201 1482 1249 1543 καὶ

124 1597 335 1675 Ἀλέξανδρον
358 1598 393 1661 δὲ
415 1599 474 1662 τὸν
487 1598 668 1672 Μακεδόνα,
691 1601 749 1661 τοῦ
767 1597 928 1661 Φιλίππου
953 1600 1061 1672 παῖδα,
1085 1596 1149 1674 τὰς
1172 1600 1247 1661 πολ-

124 1714 184 1792 λὰς
208 1712 363 1793 μυριάδας
386 1715 445 1792 τὰς
468 1717 534 1778 τῶν
559 1714 729 1795 βαρβάρων
752 1718 881 1794 φθεῖραι
904 1714 955 1777 καὶ
978 1712 1079 1777 αὐτὸν
1095 1713 1249 1789 λέγουσιν

124 1830 196 1915 ἕκτῃ
230 1831 403 1909 ἱσταμένου
438 1832 497 1911 (sc.
529 1831 629 1909 μηνὸς
659 1831 899 1909 Θαργηλιῶνος)
934 1828 988 1893 ὅτε
1022 1830 1073 1893 καὶ
1099 1813 1248 1907 ’Δαρεῖον

124 1946 492 2026 καθεῖλενἈλέξανδρος.
515 1947 565 2010 καὶ
589 1947 787 2025 ὁμολογοῦσι
809 1950 868 2009 τοῦ
891 1946 990 2010 αὐτοῦ
1014 1946 1118 2033 μηνὸς
1134 1945 1248 2010 πάντα

124 2064 176 2127 καὶ
199 2062 298 2127 αὐτὸν
321 2064 357 2127 δὲ
380 2063 437 2127 τὸν
460 2062 669 2142 Ἀλέξανδρον
692 2063 743 2126 καὶ
766 2062 915 2139 γενέσθαι
937 2063 989 2126 καὶ
1011 2060 1169 2126 ἀπελθεῖν
1193 2065 1247 2125 τοῦ

126 2180 196 2259 βίου
219 2184 257 2262 τῇ
281 2178 361 2263 αὐτῇ
384 2178 485 2261 ἡμέρᾳ
508 2179 724 2243 πεπίστευται.
748 2176 793 2238 ad
816 2178 1034 2241 voluntatem
1056 2174 1248 2239 Aelianum

125 2292 285 2373 posuisse
310 2301 425 2355 ortum
448 2302 483 2355 et
506 2293 640 2355 obitum
663 2291 857 2356 Alexandri
880 2294 924 2381 in
940 2292 1063 2354 eodem
1086 2300 1247 2373 tempore

126 2427 170 2471 ex
198 2408 251 2489 iis,
288 2426 377 2490 quae
407 2426 515 2489 supra
543 2408 586 2471 de
615 2410 711 2490 regis
741 2418 856 2472 aetate
886 2418 967 2472 sunt
995 2408 1248 2482 demonstrata,

126 2525 318 2588 clarissime
343 2534 497 2606 apparet.
528 2543 697 2606 perverse
720 2526 816 2606 regis
844 2534 994 2588 mortem
1017 2541 1096 2587 esse
1121 2524 1247 2587 consti-

125 2650 237 2707 tutam
265 2642 301 2704 in
327 2642 386 2704 illo
411 2641 474 2703 die‘
490 2642 591 2704 facile
615 2642 837 2723 intellegitur.
856 2650 1014 2704 sextum
1038 2641 1129 2705 enim
1155 2640 1248 2703 diem

126 2757 371 2839 Thargelionis
400 2775 579 2839 nunquam
609 2759 805 2837 comparari
833 2774 938 2837 posse
968 2775 1048 2820 cum
1075 2756 1247 2821 vicesimo

124 2882 253 2939 octavo
276 2876 334 2936 vel
358 2872 679 2937 tricesimo'Daesii
702 2875 737 2936 in
761 2882 883 2954 aperto
907 2883 974 2956 est;
1002 2889 1083 2935 nam
1107 2889 1193 2935 cum
1216 2881 1247 2933 et

126 2988 295 3052 Daesium
325 2998 359 3052 et
383 2988 654 3071 Thargelionem
683 3008 823 3053 menses
856 2991 997 3053 lunares
1030 2989 1138 3051 fuisse
1170 3007 1247 3052 con-

126 3115 205 3186 stet,
228 3106 401 3169 ineadem
412 3124 451 3168 re
464 3106 673 3169 ascribenda
684 3124 755 3168 non
771 3115 906 3169 tantum
928 3106 1019 3168 inter
1043 3122 1081 3167 se
1105 3104 1246 3167 differre

125 3231 322 3304 potuerunt.
360 3231 509 3303 augetur
538 3222 692 3303 suspicio
720 3222 813 3304 quod
835 3222 871 3284 in
894 3222 953 3284 illo
978 3221 1091 3303 capite
1113 3222 1246 3284 multae

125 3356 183 3403 res
218 3356 404 3420 perperam
439 3348 520 3402 sunt
555 3339 761 3419 adsignatae
798 3340 842 3401 ab
866 3338 1016 3401 Aeliano
1045 3346 1149 3400 sexto
1179 3336 1245 3400 diei

125 3455 380 3537 Thargelionis

232 3571 336 3635 Hunc
365 3590 451 3634 vero
482 3571 573 3635 diem
603 3588 665 3633 cur
688 3571 877 3650 sumpserit
900 3581 938 3633 ut
968 3570 1167 3633 declaretur
1196 3588 1243 3631 re-

127 3686 344 3767 spiciendum
373 3696 427 3750 est
457 3686 550 3766 quod
573 3666 633 3749 illo
655 3704 801 3749 numero
837 3687 929 3749 diem
962 3687 1116 3749 natalem
1149 3686 1242 3765 regis

127 3800 302 3881 Hegesias
325 3802 509 3865 notaverit.
538 3802 656 3883 itaque
673 3801 860 3865 Aelianum
884 3803 989 3864 etiam
1013 3801 1104 3864 diem
1127 3817 1243 3882 supre-

128 3931 225 3977 mum
240 3916 289 3977 ita
304 3915 523 3995 significasse
538 3916 623 3979 mihi
646 3896 786 3997 quidem
801 3917 981 3997 probabile
1002 3916 1151 3980 videtur.
1180 3934 1244 3979 nec

130 4028 256 4089 mirum
271 4037 310 4091 ut
325 4046 389 4109 pro
404 4047 525 4095 mense
531 4007 970 4095 Macedonicoexhibuerit
981 4032 1245 4111 Atheniensem,
