2642 4242
556 268 775 330 ..43...

133 443 282 510 Curtium
313 446 418 528 ipsum
443 444 531 510 facta
555 427 715 529 quaedam
739 446 874 510 finxisse.
922 447 1044 512 Kaerst
1069 445 1206 531 quidem

132 552 194 616 hoc
218 553 442 619 demonstrare
475 561 609 618 conatus
643 561 706 636 est,
732 539 788 618 sed
813 553 960 640 equidem
984 554 1206 620 demonstrari

132 683 227 745 posse
249 662 427 744 putaverim
444 662 592 726 Curtium
614 663 679 726 iam
702 663 735 726 in
757 660 898 726 fontibus
916 661 978 726 suis
996 663 1204 728 narrationes

132 769 174 834 ab
198 769 268 834 aliis
293 769 501 852 scriptoribus
525 760 632 833 rerum
649 769 830 832 Alexandri
850 768 963 851 Magni
987 769 1203 841 abhorrentes

130 878 296 959 invenisse,
330 898 410 958 quas
446 878 535 958 operi
567 899 625 940 suo
659 877 803 946 inseruit.
851 876 942 959 Quae
974 875 1103 943 Curtius
1137 879 1202 950 IV.

131 988 162 1064 4,
188 990 207 1048 6
254 992 273 1047 9
298 985 557 1048 commemorarit
589 985 727 1049 fortasse
753 1005 822 1072 curri
841 983 983 1049 Arriano
1000 984 1047 1057 ΙΙ,
1066 991 1117 1068 20,
1140 991 1201 1066 10;

130 1091 178 1162 Π,
204 1095 256 1172 22,
283 1095 383 1171 1-2,
416 1091 464 1161 ΙΙ,
490 1096 541 1175 22,
565 1096 652 1155 4-5
678 1099 805 1156 etcum
828 1093 976 1157 Diodoro
1000 1091 1117 1160 XVII.
1143 1097 1201 1172 42,

133 1201 220 1262 3-4
253 1191 440 1280 conjungas,
495 1197 637 1264 Rediens
667 1199 756 1262 enim
789 1199 830 1262 ad
865 1222 912 1280 ea,
946 1220 1030 1282 quae
1065 1199 1096 1262 in
1129 1201 1149 1281 ξ
1180 1203 1201 1262 2

131 1310 330 1390 narraverat,
355 1301 487 1367 Curtius
512 1304 573 1369 hoc
596 1305 669 1369 loco
692 1305 792 1370 refert
815 1305 1040 1370 Alexandrum
1063 1305 1202 1370 classem

130 1413 163 1475 in
192 1411 351 1476 diversam
381 1419 508 1494 partem
541 1413 594 1495 agi
624 1413 765 1480 iussisse.
811 1414 970 1478 Arrianus
1006 1435 1133 1496 quoque
1160 1413 1202 1478 de

131 1519 259 1603 duplice
300 1519 458 1600 positione
501 1520 610 1584 classis
648 1520 803 1603 loquitur.
859 1519 941 1584 Tum
975 1520 1064 1604 'Pyrii
1100 1543 1201 1586 naves

130 1625 349 1690 Macedonum
381 1621 554 1708 improviso
578 1627 749 1708 invadunt,
775 1627 963 1695 Alexander
988 1631 1053 1692 suis
1077 1629 1201 1693 auxilio

129 1734 223 1798 venit.
272 1732 390 1799 Omnia
413 1733 584 1817 Tyriorum
607 1736 736 1817 nariqia
760 1743 889 1820 portum
913 1743 1074 1819 repetunt.
1114 1735 1201 1802 Con·

129 1840 236 1906 festim
267 1863 324 1904 rex
352 1841 514 1905 insecutus
538 1849 669 1925 portum
694 1843 823 1924 quidem
845 1845 968 1910 intrare
991 1865 1056 1909 non
1080 1845 1199 1926 potuit,

129 1971 225 2014 naves
259 1960 366 2015 alutem
401 1950 525 2032 aliquot
558 1950 644 2033 Tyrii
678 1953 840 2023 amittunt.
888 1951 1093 2035 Quamquam
1118 1949 1202 2012 Dio-

128 2059 227 2123 dorus
260 2057 340 2122 haec
373 2058 437 2121 alio
472 2057 568 2122 modo
599 2059 740 2141 rettulit,
774 2066 881 2124 tamen
916 2067 1077 2124 extremae
1110 2057 1202 2142 parti

128 2167 324 2231 narrationis
347 2187 467 2248 magna
491 2173 540 2230 est
563 2166 737 2232 similitudo
762 2189 834 2231 cum
855 2165 997 2234 Arriano
1023 2173 1055 2230 et
1071 2163 1201 2235 Curtio,

129 2272 203 2356 Qua
227 2273 268 2338 de
292 2294 392 2337 causa
414 2273 583 2337 verisimile
607 2273 686 2336 mihi
711 2295 778 2337 esse
799 2274 925 2338 videtur
941 2271 1088 2338 Curtium
1104 2269 1201 2334 Arri-

128 2403 225 2446 00000
249 2380 431 2445 Diodorum
462 2381 494 2444 in
523 2388 667 2445 extrema
701 2391 792 2468 parte
816 2383 910 2448 huius
934 2379 1128 2444 narrationis
1153 2378 1201 2442 ad

126 2489 212 2554 idem
244 2488 366 2554 factum
390 2499 546 2572 spectare,
592 2487 749 2553 Omnibus
774 2496 881 2554 autem
905 2489 1109 2573 perspicuum
1134 2487 1201 2552 erit

127 2595 186 2661 hos
211 2597 382 2679 scriptores
408 2597 550 2661 diversos
574 2597 679 2662 fontes
704 2602 830 2662 secutos
855 2619 932 2662 esse.
972 2595 1201 2660 (10011000οι·-

127 2704 287 2769 rationem
312 2703 345 2791 (§
371 2705 470 2792 6-9)
504 2728 543 2770 ex
574 2707 671 2770 tertio
696 2726 754 2770 suo
778 2705 867 2770 fonte
889 2703 1035 2770 hausisse
1058 2701 1200 2778 videtur,

363 2841 1045 2989 sammmamm.'

219 3023 425 3110 Quamquam
448 3029 592 3094 Iustinus
618 3029 658 3095 de
679 3029 756 3114 Tyri
780 3028 945 3094 obsidione
967 3048 1073 3111 pauca
1096 3024 1198 3092 modo

126 3131 225 3197 verba
247 3133 332 3218 fecit,
352 3142 460 3200 tamen
484 3136 535 3201 hic
560 3138 692 3220 siugulis
716 3139 748 3202 in
770 3137 865 3202 rebus
882 3137 997 3200 mirum
1013 3135 1045 3199 in
1062 3133 1198 3199 modum

127 3261 200 3304 cum
230 3239 343 3306 Curtio
364 3246 534 3326 congruit,
587 3244 783 3327 Priusquam
817 3250 925 3308 autem
948 3243 990 3306 ad
1021 3241 1081 3306 hos
1105 3241 1196 3306 locos

126 3360 340 3432 congruentes
373 3352 562 3418 tractandos
594 3353 781 3436 aggrediar,
815 3375 919 3436 pauca
951 3351 1088 3417 dicenda
1119 3355 1198 3414 sunt

128 3456 177 3522 de·
191 3460 325 3543 ratione,
360 3483 424 3543 qua
450 3462 594 3526 Iustinus
628 3485 666 3527 ex
698 3461 839 3526 historiis
862 3460 998 3544 Pompei
1021 3459 1119 3542 Trogi
1142 3481 1196 3523 ex-

126 3569 289 3650 cerpserit,
335 3567 479 3634 Iustinus
511 3571 594 3633 enim
626 3572 727 3634 multa
759 3570 870 3652 gravia
894 3571 1008 3652 omisit,
1034 3567 1122 3652 quod
1155 3589 1196 3632 ex

123 3675 266 3757 prologis
309 3675 514 3742 historiarum
556 3676 809 3761 Philippicarum
849 3674 984 3761 Pompei
1016 3675 1115 3759 'Progi
1146 3676 1195 3739 in-

129 3781 231 3862 telligi
271 3791 389 3866 potest,
444 3783 575 3867 Pugnas
616 3784 760 3849 Iustinus
802 3785 889 3850 00110
929 3785 999 3850 1000
1042 3791 1195 3850 acccurate

128 3886 306 3973 descripsit,
332 3891 458 3960 fabulas
488 3899 596 3958 autem
624 3891 769 3976 pluribus
793 3893 896 3958 verbis
919 3895 1072 3966 narravit.
1119 3889 1195 3976 Qua
