2642 4242
528 175 577 252 17

0 347 255 420 ιαπλᾶττων’
237 376 316 435 epra
338 344 494 433 μείζω
457 373 512 433 τηι
536 345 650 434 ἀληθεῖ
650 345 705 433 αι)
724 347 831 438 ’adm'
848 353 1010 432 &mtto
1032 362 1087 445 βι-
1216 357 1219 369 ’

0 454 264 535 ‚nostrii-dorsuo
280 447 364 516 d'’'
315 475 480 540 ετιγχιιιοι
495 451 527 514 ἐν
542 455 584 532 τῷ
597 455 729 536 ποταμῷ
741 457 785 535 τῷ
795 450 1090 574 Yddauerssdeispae
1203 466 1212 491 '

1 587 3 618 ;
26 583 36 620 ι
29 553 253 640 κεφαλὴν
238 577 269 628 ες
287 578 323 616 το
314 543 480 634 lempst
464 546 613 633 ιπιιιιῶι,
627 559 684 618 καί
702 576 749 616 ue
726 545 855 618 δι”
817 578 913 631 ουτως
931 563 1087 645 &xmo

0 655 235 782 ‚praesiderem
255 657 385 720 τοιαῦτα
403 650 516 740 ὑπὲρ
497 654 571 718 εἰιου
596 677 831 740 μοιομαχουιτα
851 682 905 724 και
895 658 1090 742 ὄιέφαιτας

5 760 30 824 rl
52 758 206 838 ἀκοντίῳ
224 753 403 836 φονεύοντα.
425 788 469 802 -
496 743 589 836 Quae
607 754 750 829 narratio
768 776 868 842 quum
890 769 922 823 et
947 763 1089 852 tempori

1 859 225 922 chementer
261 865 434 944 repugnet,
473 875 538 942 quo
565 850 793 921 Aristobulum
823 855 1007 930 Alexandri
1032 888 1087 932 res

35 981 125 1024 mus
143 953 390 1046 conscripsisse,
408 965 440 1018 et
461 953 676 1021 everacitatis
695 955 794 1043 lade
808 958 849 1023 eb
869 959 1090 1054 Arrianopo-
1126 954 1130 966 ’

2 1059 169 1124 'ssimum
191 1055 268 1122 huic
286 1052 437 1144 scriptori
458 1051 576 1120 tributa
593 1079 729 1144 prorsus
764 1060 952 1130 abhorrent·
971 1064 1091 1134 Santo-

17 1161 147 1228 rucius
171 1159 217 1242 (ι.
231 1180 259 1224 c
277 1181 312 1248 p.
332 1155 401 1240 43.)
422 1169 477 1222 aut
501 1155 578 1221 ab
567 1163 642 1246 rp'eo
662 1156 809 1240 Lucieno
829 1175 884 1229 aut
909 1163 1090 1236 alibrariis

6 1261 243 1330 ristobulum
276 1280 449 1348 perperam
486 1256 648 1324 hocloco
670 1283 744 1326 cum
774 1260 960 1338 Onesicrito
987 1283 1090 1358 putus

4 1391 70 1432 sse
107 1360 304 1442 confusum,
339 1357 381 1424 ad
407 1381 503 1449 quam
530 1357 721 1452 opinionem
742 1360 930 1434 Heereuius
957 1374 1102 1462 ‘tuoque‘

10 1469 67 1534 De
84 1463 194 1532 fontt.
208 1476 240 1528 et
257 1473 337 1528 auct
349 1457 553 1560 vitu-parali
572 1459 656 1529 Plut.
647 1486 701 1552 ..p
715 1464 765 1530 64
787 1471 910 1549 annot.)
922 1470 1089 1552 apertiore

4 1569 150 1636 N'detur
195 1555 342 1630 At⁴ver0
362 1560 443 1626 haec
465 1560 531 1628 duo
553 1560 686 1668 nomina
707 1577 778 1632 toto
796 1568 926 1634 coelo
913 1584 1000 1637 mter
1015 1596 1089 1657 sese

0 1671 141 1759 iversa
160 1661 293 1732 misceri
310 1659 465 1776 potuisse,
483 1659 645 1751 insignem
663 1662 764 1732 etiam
774 1665 997 1738 librariorum
993 1675 1091 1754 osci·

7 1771 142 1838 andam
163 1782 197 1832 et
214 1761 387 1830 incuriam
382 1761 515 1832 videtur
535 1765 704 1848 excedere,
726 1787 833 1855 neque
849 1767 958 1856 ipsum
976 1788 1090 1845 aucto

13 1898 73 1938 „m
97 1894 145 1937 ΘΟ
169 1849 386 1954 negligentiae
402 1887 612 1956 progressum
633 1891 710 1950 esse
726 1868 883 1947 credibile
897 1885 960 1940 est.
969 1874 1089 1956 Heud

10 1955 134 2042 emere
153 1968 254 2058 igitur
282 1965 509 2032 Schmiederue
538 1965 687 2052 (Praei,
697 1968 758 2034 ad
781 1970 859 2038 A„
879 1971 967 2063 Exp
988 1974 1089 2045 Alex
1125 2040 1128 2044 ι
1183 1967 1187 1975 .

6 2110 29 2145 ι.
43 2063 202 2164 XXIV.)
215 2071 298 2134 hanc
320 2068 538 2156 coniecturam
548 2067 670 2156 plane.
675 2069 888 2138 reiiciendam
899 2061 1090 2157 arbitratus:

0 2172 169 2267 ,Quidni
191 2170 377 2252 credemus,
397 2167 519 2258 iuquit,
540 2169 680 2236 eundem
698 2170 926 2247 Aristobulum
945 2177 1093 2246 Alexan

2 2283 73 2348 dro
100 2275 189 2344 vivo
210 2272 358 2341 fortunae
370 2293 448 2336 suae
460 2294 520 2360 per
532 2269 752 2342 adulationem
763 2273 938 2343 subvenire
949 2279 1093 2354 voluisse

10 2382 65 2451 ιιι
78 2403 124 2446 eo
140 2373 278 2444 mortuo
284 2367 396 2441 veiam
417 2370 486 2438 eius
501 2371 694 2440 historiam'
683 2396 755 2460 rpse
775 2396 877 2439 seuex
891 2377 1061 2448 scriberet
1053 2383 1094 2428 W

0 2494 6 2576 t
32 2501 47 2550 t
69 2477 247 2574 profecto,
287 2454 451 2564 siquidem
477 2497 557 2540 vera
589 2471 723 2540 tradidit
761 2473 941 2560 Lucienus,
983 2481 1092 2549 neuti
1102 2505 1105 2512 ·

10 2609 114 2653 uam
141 2578 255 2646 fidem
267 2589 425 2667 superat,
442 2572 681 2658 Aristobulum
701 2573 817 2642 olim
805 2590 892 2644 mter
916 2578 1011 2670 ipsas
1032 2607 1093 2663 ex

4 2669 202 2795 peditioues
243 2702 286 2747 ex
325 2672 489 2747 communi
521 2673 738 2765 plurimorum
774 2677 995 2766 aequalium
996 2706 1091 2754 more

4 2779 215 2858 Alexandri
221 2803 273 2846 res
290 2777 401 2844 multis
421 2776 603 2844 fabularum
623 2777 792 2845 lenociniis
810 2794 938 2848 ornatus
958 2805 1092 2852 narrare

6 2905 226 2980 aggressum,
249 2903 291 2946 ex
323 2879 394 2970 ipsa
414 2879 550 2946 fortasse
577 2878 664 2968 regis
684 2881 956 2970 reprehensione,
976 2884 1093 2954 relicto

6 2984 136 3061 humili
158 2997 189 3049 et
213 2979 300 3048 futiti
334 2983 397 3050 hoc
429 2979 592 3054 scribendi
621 3005 757 3068 genere,
804 2983 979 3072 posteriori
1008 2998 1094 3054 tam-

8 3114 103 3184 pore
124 3086 160 3153 in
176 3083 370 3185 contrariam
380 3082 470 3152 ,viam
487 3080 685 3178 discessisse,
707 3106 773 3172 quo
794 3098 883 3150 certe
895 3085 1006 3175 aliquo
1018 3111 1094 3156 mo-

8 3194 60 3260 do
83 3187 176 3260 illud
192 3209 323 3276 quoque
342 3182 473 3252 videtur
488 3175 645 3266 valuisse,
684 3183 788 3272 quod,
814 3184 863 3250 uti
886 3211 997 3277 supra
1013 3212 1094 3256 con-

14 3287 236 3370 iectavimue,
265 3299 380 3378 postea
401 3285 584 3368 Cassandri,
604 3284 748 3352 hominis
769 3285 810 3350 eb
835 3286 926 3355 omni
944 3291 1093 3358 Alexan-

14 3393 72 3460 dri
86 3413 203 3458 amore
216 3404 247 3455 et
259 3388 471 3456 admiratione
486 3387 593 3470 alieni,
603 3401 710 3476 partes
717 3386 919 3475 sequebatur.
941 3389 1095 3458 Ceterum
1210 3469 1214 3475 ¹
1239 3450 1242 3459 ,

11 3509 145 3561 tantum
155 3491 254 3574 abest,
268 3504 303 3555 ut
317 3489 405 3580 quod
425 3489 586 3556 Arrianus
602 3490 644 3556 de
653 3485 845 3569 Aristobulo
853 3487 930 3555 fecit
936 3488 1095 3560 iudicium

13 3595 257 3687 improbemus,
279 3594 410 3668 utthunc
423 3592 615 3686 scriptorem
627 3589 655 3656 si
669 3611 766 3678 quem
779 3574 877 3656 ilium
890 3589 932 3656 de
944 3590 1095 3658 Alexan-

16 3698 75 3763 dri
103 3693 249 3762 historiis
269 3691 392 3784 optime
417 3692 574 3808 meruisse
604 3715 813 3792 censeamus,
854 3715 993 3782 eumque
1021 3710 1098 3785 post

17 3799 248 3864 Ptolemaeum
271 3794 417 3862 omnium
430 3787 681 3882 veracissimum
700 3795 864 3882 appellare
880 3816 946 3860 non
968 3794 1098 3890 dubite-

20 3923 108 3966 mus.
129 3897 218 3964 Illud
240 3922 340 3964 unum
347 3889 496 3965 fortasse
515 3872 697 3962 ierendum
715 3907 780 3977 est,
801 3917 843 3959 ne
862 3893 917 3960 hic
943 3886 1099 3984 scriptor,

23 4024 126 4091 quum
147 4013 241 4066 antea
261 3997 362 4066 nimio
381 3992 563 4071 Alexandri
582 4019 693 4073 rerum
713 3993 979 4067 celebrandarum
990 3995 1100 4065 studio

332 4127 335 4133 ¹
884 4100 908 4163 2

1050 4164 1052 4169 '
1151 4172 1244 4202 Α
