2642 4242
719 159 774 235 u

215 319 351 388 taurinas
363 319 402 410 1¹)
421 321 621 392 Onesicritus
633 345 716 395 vero
729 317 839 406 (ibid.)
853 319 917 389 hoc
931 339 1069 387 numero
1080 311 1217 385 minime
1230 335 1306 380 con

218 437 325 491 tentus
353 423 499 495 eiusdem
526 426 653 496 arboris
680 427 796 493 umbra
824 419 1078 515 quadringentos
1108 417 1235 508 equites
1261 429 1280 480 t

222 540 291 593 ctos
311 551 382 595 esse
402 529 576 597 contendit.
602 527 683 598 Alio
701 531 777 596 loco
793 524 856 610 (Τ.
877 522 937 594 VI.
959 549 993 615 p.
1014 520 1095 607 93.),
1119 520 1177 588 uhi
1191 505 1316 703 Strablq

222 650 318 694 vere¹
337 629 461 696 narrari
488 629 586 714 dixit,
621 633 854 722 plerorumque
887 627 1138 716 elephantorum
1172 636 1284 688 aetate

120 771 123 776 ,
226 725 407 816 adaequare
433 728 519 796 vitae
546 729 878 820 longaevissimorum‘
899 724 1090 808 hominum,
1133 706 1316 806 nonnullol

226 825 324 892 etiam
356 827 399 893 ad
429 827 685 897 ducentesimum
718 838 850 909 annum}
867 827 1063 918 'pervenires
1109 807 1316 992 Onesicrituq

224 948 292 994 non
318 927 427 996 minus
460 931 570 1009 omnia
594 955 796 1024 exaggerans
822 932 1001 1022 plerosque
1029 930 1220 1022 elephantos
1248 943 1316 1001 tre,

226 1029 353 1128 centos,
374 1035 547 1100 nonnullos
567 1034 663 1101 etiam
693 1032 886 1124 quingentos
914 1056 1017 1100 annos
1059 1004 1316 1126 vivereperhil

227 1131 315 1198 buit.
372 1133 499 1203 Eadem
519 1135 603 1204 ratio
625 1151 673 1224 est
698 1135 917 1203 narrationum
946 1135 988 1202 de
1014 1135 1127 1202 Indiae
1151 1133 1310 1221 magnitu

229 1232 309 1334 dinei
337 1235 405 1326 (ap.
438 1237 542 1305 Strab.
579 1237 625 1304 T.
653 1237 713 1306 VI.
736 1263 779 1328 p.
810 1243 863 1305 22.
900 1253 971 1326 s'qq.
1004 1230 1046 1307 cf.
1070 1237 1207 1305 Bohlen.
1236 1236 1260 1304 1.

230 1336 275 1405 T.
297 1339 323 1406 l.
344 1365 378 1430 p.
396 1339 464 1418 11.)
483 1355 514 1407 et
534 1341 689 1416 Pattalae,
711 1334 825 1406 Indiae
841 1337 987 1428 regionis
1013 1336 1141 1404 duobus
1165 1336 1245 1403 Iudi
1269 1339 1309 1400 al

230 1438 300 1506 veis
316 1439 554 1526 interiacentis,
603 1440 712 1509 forma
732 1454 764 1506 et
793 1440 914 1506 ambitu
940 1444 1023 1528 (ap.
1049 1437 1154 1508 strab.
1182 1435 1231 1505 Τ.
1255 1439 1289 1505 V

50 1510 54 1532 Ι
128 1537 136 1625 J
232 1561 274 1632 pass
295 1543 345 1607 74.
372 1540 414 1608 cl.
440 1542 567 1610 Bohlen
594 1545 616 1609 l.
640 1567 667 1610 c.
690 1568 722 1633 p.
743 1542 830 1629 17.).
862 1546 904 1592 ..'.
968 1540 1023 1610 stc
1042 1538 1124 1607 salsa
1141 1538 1232 1635 ¹veris
1255 1519 1316 1627 iml

232 1640 371 1708 miscens
390 1642 447 1709 ille
469 1643 708 1711 commentariis
730 1643 796 1709 suis
818 1642 861 1709 de
882 1640 999 1709 Indiae
1020 1640 1228 1729 aliarumque
1245 1632 1316 1734 ter{

232 1759 341 1810 rarum
362 1745 496 1834 plantis,
524 1745 631 1814 fluviis
652 1745 711 1832 (cf.
738 1745 855 1834 fragm.
874 1767 943 1849 Pp*
972 1743 1082 1812 Strab.
1108 1742 1183 1815 hc.
1204 1766 1242 1860 p:
1265 1740 1316 1912 23

223 1849 286 1928 38.
311 1847 409 1930 188.),
437 1847 628 1914 animalibus
652 1846 720 1931 (cf.
743 1845 826 1913 ibid.
855 1871 888 1937 p.
917 1845 969 1912 61.
999 1843 1075 1911 Ael.
1103 1840 1145 1909 de
1171 1844 1302 1911 Anrma

58 1909 1316 2038 '‘mmmmffimmfflmfflmm

235 2046 371 2136 aliisque
392 2048 429 2114 id
451 2057 552 2141 genus
567 2053 663 2118 rebus
689 2064 799 2141 egerat
817 2049 874 2136 (cl.
893 2049 1008 2139 fragm.
1017 2073 1068 2138 ap.
1076 2049 1180 2115 Strah.
1190 2046 1238 2112 T.
1260 2041 1316 2127 IVl

221 2171 269 2236 p.
290 2149 364 2215 514.
385 2149 443 2218 VI.
462 2177 496 2242 p.
518 2153 765 2238 113.0t›166.).
788 2147 1156 2241 Dc,Gymuosophistis;
1177 2148 1220 2214 ad
1235 2138 1316 2326 quoq

234 2247 307 2338 ipse
321 2250 361 2314 ab
383 2250 575 2321 Alexandro
596 2247 822 2336 missus'erat‚
842 2267 984 2342 praeter·
996 2252 1201 2319 Plutarchum
1233 2255 1315 2337 (Vir

235 2349 334 2416 Alex.
357 2374 385 2418 c.
407 2349 528 2431 LXV.)
546 2367 578 2419 et
598 2355 790 2423 Strabonem
816 2350 879 2434 (T.
897 2351 956 2419 Vl.
977 2376 1009 2442 p.
1032 2353 1125 2434 133.)
1153 2339 1316 2524 Lucianqff

237 2475 367 2542 quoque
387 2452 444 2539 (de
463 2469 559 2522 mort.
582 2456 717 2545 Peregn.
735 2454 764 2532 §2
784 2453 854 2537 25.)
876 2453 971 2519 huius
992 2452 1158 2543 scriptoris
1169 2453 1284 2530 testim
1314 2525 1316 2544 .

238 2551 296 2619 nio
317 2577 392 2620 usus
414 2563 471 2624 est.
516 2557 616 2642 Quod
636 2581 718 2625 vero
737 2582 780 2623 ex
795 2556 860 2623 alio
886 2553 1022 2620 Luciani
1047 2557 1123 2621 loco
1144 2550 1316 2644 (Macrohl

237 2658 267 2728 ξ.
283 2654 347 2736 14.)
356 2655 499 2722 Meierus
508 2658 654 2742 coniecit,
670 2652 888 2726 Onesicritum
902 2653 1210 2722 commentariissuis
1221 2645 1316 2730 eliani

157 2825 162 2845 ι
240 2751 454 2842 antiquiorem
467 2759 590 2825 Persici
608 2761 702 2849 regni
714 2759 882 2826 historiam
901 2757 975 2823 data
988 2781 1089 2848 opera
1100 2769 1267 2838 tractasse,
1282 2758 1316 2846 flt

241 2851 298 2916 lud
306 2877 410 2944 neque
418 2881 537 2947 negare
545 2858 647 2926 ausim
662 2884 767 2948 neque
783 2858 949 2925 affirmare.
969 2857 1099 2926 Poterat
1114 2848 1316 2953 Onesicritud

242 2953 491 3046 quodmagnum
499 2959 623 3052 Cyrum
630 2959 764 3026 tradidit
780 2957 953 3027 centesimo
968 2959 1077 3024 aetatis
1089 2981 1172 3039 anno
1179 2959 1249 3024 vita
1263 2956 1316 3063 cxl

198 3071 201 3074 “
243 3054 377 3135 cessisse
398 3059 463 3154 ipsi
482 3061 667 3129 Alexandri
686 3087 796 3128 rerum
815 3060 991 3128 narrationi
1015 3060 1060 3125 ita
1086 3059 1253 3143 intexere,

240 3158 365 3248 reliqua
385 3161 507 3230 Persici
528 3164 621 3256 regni
642 3164 777 3234 historia
794 3189 836 3230 ne
860 3165 963 3231 verbo
990 3161 1122 3252 quidem
1142 3070 1316 3291 attingeril

242 3271 304 3324 tur.
349 3259 438 3346 Quid
460 3264 565 3349 enim,
586 3281 622 3331 ut
640 3269 706 3332 hoc
726 3280 817 3348 utar,
843 3250 981 3353 impedit
1006 3260 1178 3352 quominus
1207 3279 1316 3375 auctoq

242 3383 313 3426 rem
333 3361 516 3432 diuturnam
535 3366 838 3456 magnitersarum
856 3363 943 3454 regis
973 3363 1074 3432 vitam
1101 3385 1176 3428 cum
1201 3362 1316 3467 immaq

237 3475 312 3531 turo
333 3464 517 3533 Alexandri
537 3466 667 3534 interitu
682 3490 885 3561 comparasse
904 3466 1083 3556 ponamus?
1314 3522 1316 3591 ν

340 3567 409 3633 Iam
428 3591 509 3635 vero
529 3569 618 3657 quod
640 3568 682 3633 ad
703 3566 877 3634 Onesicriti
899 3565 1018 3657 scripta
1038 3562 1158 3649 attinet,
1176 3576 1241 3630 una
1262 3590 1316 3666 req

241 3679 302 3732 stat
322 3667 467 3756 quaestio
486 3669 564 3736 satis
588 3668 745 3760 impedita
765 3692 802 3735 ac
818 3669 982 3735 salebrosa
1003 3665 1141 3733 necdum
1163 3668 1316 3733 accurati-²

241 3791 318 3832 usa
344 3792 505 3857 quoquam
535 3761 667 3836 tractata
693 3762 736 3836 de
753 3771 912 3860 paraplo,.
935 3792 1033 3858 quem
1057 3768 1119 3834 sub
1143 3725 1316 3887 Onesicritl

242 3891 539 3915 ,Μ

344 3942 372 4008 l)
392 3935 493 3995 Procul
515 3937 602 4015 dubio
627 3937 698 3994 haec
718 3936 803 3992 arbor
824 3936 879 3992 tuit
900 3935 997 3991 ficus
1013 3933 1147 3991 Indica
1168 3933 1232 3991 sive
1255 3926 1316 4031 Aa,

245 4034 307 4081 vat
319 4024 362 4080 ha
385 4040 458 4099 quae
478 4023 576 4098 lingua
587 4023 723 4080 scuscnta
738 4023 905 4095 appellatur.
922 4019 959 4076 cl.
984 4020 1104 4077 Bcltleu.
1117 4019 1163 4076 de
1173 4021 1237 4078 Vel.
1252 4021 1313 4080 Iud.

246 4111 270 4165 1.
287 4127 317 4182 p.
336 4112 379 4168 59.
