2642 4242
107 429 109 435 ι
208 381 240 443 et
265 359 417 452 Langii
445 357 669 430 venerandum
696 378 834 445 nomen,
869 382 1011 453 quorum
1036 383 1122 427 nunc
1147 355 1290 451 quidem

207 455 434 534 defunctorum
461 464 547 527 clere
572 460 732 528 memoria
765 461 932 528 Portam
960 463 1082 527 clarere
1115 486 1289 555 uunquam

207 569 349 646 desinet3
385 559 570 635 meminisse
604 561 721 627 sufficit
749 561 922 645 Wolfii,
959 559 1098 646 Neuii,
1139 563 1290 631 Stein-

207 666 378 749 hardtii,
400 662 558 746 Wexii,
582 688 664 753 quos
689 664 886 732 Graecarum
907 680 938 730 et
951 615 1138 734 Latinerism
1155 662 1288 736 littera-

205 796 278 841 rum
296 764 668 861 praeceptoressortitns
683 766 771 848 sum'‚
793 771 825 832 et
841 767 860 833 l
868 766 987 834 acobi
996 792 1111 859 orum
1131 768 1286 854 fratrum,

209 875 265 962 qui
287 868 380 937 saluti
402 890 493 932 meae
518 863 673 952 singulari
701 881 733 932 et
757 881 892 957 paterno
914 891 988 934 cnm
1016 893 1128 938 amore
1149 897 1288 988 semper

204 983 451 1067 prospexerunt.
491 966 653 1034 Profecto
674 970 728 1035 vel
748 970 819 1034 sola
839 969 1009 1035 horum
976 994 1123 1038 virorum
1144 975 1287 1040 uomina

205 1091 253 1144 tot
274 1088 498 1156 tantorumque
519 1067 682 1133 bonorum
705 1067 966 1153 recordationem
985 1069 1094 1139 animo
1115 1097 1191 1139 meo
1221 1099 1286 1139 ex-

155 1253 157 1258 ,
206 1177 318 1250 citant,
340 1181 376 1234 ut
398 1181 488 1257 grata
508 1165 669 1256 temporis
687 1167 772 1234 illius
794 1170 968 1254 memorie,
989 1197 1056 1263 per
1070 1173 1159 1263 quod
1178 1177 1287 1258 scho-
1316 1222 1317 1225 ι

119 1299 124 1308 ·
205 1282 257 1346 lae
284 1269 433 1342 Portensl
461 1263 608 1335 addictus
637 1292 744 1358 eram,
772 1269 854 1335 nihil
871 1273 926 1339 tel
946 1271 1106 1362 antiquius
1126 1276 1181 1341 rel
1204 1297 1287 1341 sna-

140 1451 146 1461 ,
203 1379 278 1449 vius
299 1371 380 1440 mihi
400 1381 543 1459 unquam
562 1366 701 1434 existere
720 1371 887 1459 possit.

262 1476 371 1543 Per
392 1470 650 1562 quinquennium
668 1471 769 1560 igitur
784 1478 816 1537 et
833 1485 992 1537 semestre
1006 1440 1177 1564 discipline
1195 1473 1288 1542 Por-

204 1578 289 1648 tsnsi
322 1576 438 1644 fruitus
473 1573 592 1640 eximia
623 1572 849 1662 professorum
874 1573 1063 1640 Haleusium
1092 1573 1318 1643 celebritate

207 1681 326 1749 accitus
360 1677 517 1744 illustrem
543 1671 639 1740 benc
668 1673 881 1740 Academiam
912 1675 1061 1745 altiorum
1096 1676 1288 1744 studiorum

203 1766 395 1878 palaestram
418 1777 500 1844 mihi
521 1775 620 1865 elegi,
643 1775 777 1867 eiusque
797 1777 997 1844 institutione
1017 1799 1082 1868 pet·
1099 1769 1287 1867 quadrien-

205 1887 298 1954 nium
317 1885 361 1947 ita
379 1903 455 1946 nsns
477 1903 565 1960 sum,
588 1893 622 1942 nt
642 1880 784 1968 primum
806 1878 937 1968 quidem
951 1895 1120 1976 parentum
1135 1881 1286 1947 maxime

206 1983 365 2058 voluntati
385 1931 614 2069 obsequuttisi
602 2004 637 2044 ιιι
650 1979 849 2068 theologiam
863 1980 1101 2059 incumberem‚
1122 2005 1203 2047 mox
1222 2006 1286 2048 ve-

206 2084 480 2202 ιο,·ιιιιιιιιιιιιιιιι
502 2081 679 2149 litterarum
706 2073 918 2145 dulcedine
908 2082 1124 2170 iampridem
1151 2099 1284 2173 captus,

207 2187 347 2280 egregiis
368 2165 516 2248 Meis-ni
538 2191 569 2246 et
589 2177 862 2268 Bernhardyi
882 2179 1082 2268 lectionibus
1084 2183 1205 2249 auditis
1227 2201 1285 2253 to
1320 2257 1321 2276 ἢ

101 2257 110 2364 ,Ι
207 2299 290 2358 tum
301 2311 356 2353 me
384 2280 593 2374 philologieis
616 2279 730 2347 studiis
752 2279 917 2346 dederem.
966 2282 1023 2348 Ad
1050 2285 1139 2372 quod
1168 2288 1287 2353 consi-

205 2394 286 2461 lium
312 2385 504 2456 firmandum
532 2381 619 2449 haud
640 2379 810 2447 minimum
829 2380 936 2447 fecit
925 2408 996 2473 ipsa
1017 2385 1187 2474 singularis
1213 2389 1287 2455 ho·

205 2517 279 2562 rum
306 2489 467 2563 virorum
485 2509 562 2574 erga
589 2507 641 2548 me
663 2482 842 2547 humanitas
871 2497 902 2548 et
928 2485 1121 2569 liberalitas,
1181 2485 1284 2556 uibus

206 2590 341 2687 privatis
370 2587 451 2686 meis
486 2585 600 2652 studiis
628 2581 839 2649 moderandis
865 2596 897 2648 et
930 2585 1122 2652 adiuvandis
1154 2513 1285 2680 iibique

206 2707 337 2806 praesto
365 2678 463 2772 erant,
487 2711 547 2752 nec
560 2686 680 2751 solum
702 2683 868 2750 doctrinae
874 2685 984 2776 copia
1006 2690 1064 2752 sed
1087 2690 1183 2756 etiam
1205 2717 1285 2758 ser-

207 2799 342 2864 ιιιιιιιιιιιι
363 2765 541 2856 urbanitale
571 2800 601 2851 et
619 2787 686 2850 sale
717 2784 828 2873 quid
817 2787 929 2851 intima
950 2788 1144 2878 antiquitatis
1169 2795 1286 2861 studia

206 2906 340 2998 possent
360 2892 482 2981 optime
502 2869 764 3002 comprobabant
808 2887 937 2953 Deinde
958 2915 1057 2979 quum
1086 2917 1285 2982 persuasum
1309 2955 1314 2964 .

207 3019 337 3085 semper
353 2995 522 3070 haberem,
545 2988 638 3054 sicuti
653 2981 834 3055 recentiora
846 3004 993 3080 tempora
1015 3008 1047 3058 et
1060 2994 1232 3060 litterae
1204 3021 1286 3064 eme

209 3093 403 3186 antiquitatis
425 3089 556 3156 scientia
573 3111 650 3154 vere
669 3087 806 3178 intelligi
825 3102 857 3154 et
865 3083 1014 3158 iudicari
1028 3094 1210 3181 nequirent,
1232 3095 1286 3163 ita

174 3269 185 3278 ,
210 3225 253 3268 ex
265 3193 481 3265 recentiorum
502 3187 714 3256 historiarum
731 3203 763 3253 et
782 3190 960 3260 litterarum
976 3195 1088 3260 notitia
1106 3193 1191 3260 haud
1206 3222 1285 3264 me.

105 3382 106 3390 ι
208 3301 322 3368 diocre
354 3274 604 3362 emolumentum
636 3290 678 3355 ad
714 3290 907 3380 antiquitatis
939 3295 1044 3361 studia
1075 3295 1282 3365 redundare:

210 3398 377 3490 egregium
399 3397 537 3462 fructum
554 3386 691 3484 percepi
702 3406 771 3458 tum
786 3417 828 3459 ex
839 3390 993 3461 historica
1008 3398 1170 3480 societate,
1193 3424 1284 3488 quae

209 3495 404 3568 felicissimis
419 3493 631 3586 Voiglelii
645 3493 796 3584 auspiciis
810 3495 943 3584 regitur,
965 3511 1033 3563 tum
1054 3525 1095 3564 ex
1112 3501 1154 3565 H.
1168 3499 1283 3568 Leo-

208 3602 271 3669 nis
304 3593 512 3692 lectionibus,
549 3594 666 3714 quibus
699 3619 847 3663 summa
856 3620 930 3664 cum
956 3593 1121 3690 voluptate
1144 3625 1282 3693 semper

149 3779 153 3789 ,
209 3703 399 3772 intereram.
418 3731 461 3750 -
