2642 4242
165 1168 360 1231 Alexandri
381 1168 502 1249 Magni
525 1168 568 1230 de
592 1168 687 1231 vitae
711 1177 869 1248 tempore
892 1178 1013 1232 nostro
1036 1172 1179 1233 saeculo

51 1285 201 1347 uberius
231 1284 499 1365 disputaverunt
527 1283 685 1347 Idelerus
715 1293 750 1347 et
778 1284 996 1365 DroysenuS,
1027 1286 1086 1367 qui
1109 1304 1178 1367 quo

52 1409 189 1463 eventu
218 1418 357 1481 quaque
386 1400 521 1463 ratione
550 1418 626 1463 rem
654 1402 886 1464 tractaverint
915 1402 1071 1464 breviter
1103 1420 1178 1483 per-

51 1520 257 1579 lustremus.
304 1525 452 1597 uterque
483 1517 574 1579 enim
604 1517 658 1579 vir
693 1517 816 1579 doctus
849 1517 972 1580 mortis
1007 1516 1099 1580 diem
1131 1519 1178 1581 in-

53 1632 192 1713 dagare
219 1632 440 1714 potissimum
470 1633 611 1697 studuit.
660 1641 766 1713 atque
795 1632 962 1710 IdeleruS,
998 1651 1066 1714 quo
1095 1642 1178 1697 tem-

52 1766 144 1830 pore
168 1767 187 1811 e
212 1749 286 1811 vita
309 1766 476 1829 egressus
501 1758 596 1812 esset
618 1748 833 1828 Alexander,
861 1750 1030 1829 peculiari
1053 1751 1179 1831 disqui-

53 1865 184 1929 sitione
201 1865 438 1945 investigavit.
487 1882 566 1927 cum
583 1866 676 1928 enim
692 1866 751 1927 diu
774 1866 912 1928 cuinam
936 1884 1027 1928 anno
1037 1870 1059 1947 1)
1083 1868 1179 1947 regis

54 1980 191 2045 exitum
203 1981 397 2044 tribuerent
409 1981 477 2045 viri
489 1982 582 2044 docti
595 1982 823 2061 ambigerent,
849 1983 994 2062 egregia
1007 2000 1178 2046 commen-

53 2098 190 2161 tatione
217 2083 332 2177 „Uber
356 2097 419 2159 das
443 2096 639 2177 Todesjahr
661 2097 885 2161 Alexanders
913 2098 975 2161 des
999 2098 1176 2162 Grossen“

53 2214 227 2294 inscripta
234 2217 257 2295 2)
270 2212 515 2277 Alexandrum
530 2222 706 2276 mortuum
723 2221 802 2277 esse
818 2232 911 2277 anno
927 2215 992 2277 323
1005 2234 1035 2278 a.
1050 2214 1130 2278 Chr.
1145 2234 1177 2277 n.

54 2330 188 2411 optime
212 2329 474 2393 demonstravit.
501 2328 602 2408 diem,
628 2347 697 2409 quo
722 2348 766 2391 ex
789 2331 864 2393 vita
888 2331 1040 2393 excessit
1060 2348 1124 2394 rex
1140 2340 1179 2394 ut

54 2447 268 2526 exploraret,
299 2446 390 2509 hane
419 2446 602 2525 ingressus
632 2455 686 2509 est
715 2446 818 2509 viam.
859 2447 1027 2509 vicesimo
1051 2456 1179 2510 octavo

54 2562 114 2625 die
144 2562 275 2625 mensis
305 2580 409 2643 quem
436 2562 648 2625 Macedones
672 2561 842 2625 Daesium
870 2573 1000 2626 vocant
1029 2572 1179 2626 mortem

55 2678 188 2741 obiisse
212 2695 334 2758 regem
358 2679 600 2758 ephemerides
623 2687 798 2742 testantur
820 2680 941 2761 regiae
965 2681 1009 2742 ab
1022 2679 1178 2741 Eumene

56 2793 234 2858 Cardiano
264 2803 369 2874 atque
393 2793 546 2857 Diodoto
569 2795 771 2874 Erythraeo
798 2796 1022 2875 compositae,
1057 2796 1179 2857 ultimo

55 2911 128 2973 diei
156 2910 313 2973 eiusdem
335 2910 467 2973 mensis
491 2910 624 2973 exitum
647 2911 791 2974 ascribit
814 2909 1072 2993 Aristobulus4)
1097 2910 1178 2974 Cas-

56 3026 241 3105 sandreus
265 3025 461 3089 Alexandri
484 3027 701 3107 temporibus
725 3027 890 3107 aequalis
917 3044 1007 3107 quae
1031 3045 1112 3089 cum
1131 3028 1180 3089 ita

56 3151 188 3222 essent,
212 3141 368 3205 Idelerus
381 3142 503 3205 Daesii
527 3143 658 3205 mensis
679 3143 784 3205 situm
799 3143 1015 3223 investigare
1032 3151 1179 3205 conatus

54 3261 170 3324 fastos
181 3258 429 3322 Macedonicos
453 3259 672 3339 comparavit
689 3276 768 3321 curn
780 3258 1066 3337 Atheniensibus,
1091 3276 1179 3339 quos

166 3518 192 3583 1)
210 3522 318 3569 Aestate
339 3520 400 3567 anui
419 3518 472 3571 324
499 3520 566 3569 diem
594 3536 742 3584 supremum
771 3520 872 3569 obiisse
900 3535 989 3583 regem
1019 3535 1077 3569 cum
1106 3520 1180 3569 multi

55 3617 214 3681 chronologi
239 3625 392 3681 putaverunt
416 3624 470 3666 tum
490 3618 623 3683 Petavius,
649 3634 757 3681 quorum
782 3619 935 3667 sententiam
958 3618 1118 3680 gravissimis
1138 3634 1181 3667 ex-

53 3716 142 3785 plodit
159 3715 280 3765 Idelems
305 3716 474 3777 argumentis.
504 3732 553 3780 qua
579 3716 611 3765 de
631 3731 658 3765 re
680 3716 801 3778 quoniam
821 3717 884 3765 satis
904 3715 1012 3781 copiose
1031 3716 1180 3781 disputavit,

55 3796 278 3880 supervacaneum
298 3814 402 3862 videtur
420 3814 476 3863 eius
496 3813 566 3862 dicta
584 3824 710 3879 repetere.

163 3909 190 3974 2)
211 3910 312 3962 Abhdl.
332 3913 357 3963 d.
377 3912 498 3960 Berliner
516 3912 670 3961 Akademie
690 3909 805 3978 1820l21
825 3909 886 3962 461.

164 4009 191 4075 3)
210 4010 280 4061 Plut.
299 4010 344 4061 va.
364 4010 442 4061 Alex.
463 4010 505 4062 rs.
746 3999 748 4002 ’

166 4107 194 4173 4)
213 4108 283 4160 Ibid.
303 4106 344 4161 75.
