2642 4242
26 375 174 468 gentium
200 399 239 443 ac
266 389 429 446 terrarum
450 371 602 444 ordinem
636 369 733 466 atque
768 352 941 444 numerum
963 375 1104 466 sicceth'h

27 503 108 568 quas
138 479 305 569 navigatio
334 481 375 548 ab
405 477 557 576 Hyphasi
587 501 692 569 usqua
719 476 762 544 ad
795 478 970 568 Pasitigriu
996 477 1102 550 Near-

28 585 89 649 cho
119 581 205 648 dhce
231 596 363 673 peracta
399 579 598 670 aliquatenus
633 579 816 670 attingebat.
845 605 850 614 ·
877 581 989 667 Quare
1008 585 1106 652 huius

27 683 103 750 libri
124 695 349 772 argumentum
374 684 418 750 ita
446 682 516 750 lere
542 679 639 749 nobie
665 682 796 749 videtur
824 681 1018 774 dispositum
1043 685 1102 752 tua

27 786 108 868 isse,
159 797 194 850 ut
232 785 447 878 navigationis
487 767 621 874 'quidem
663 782 841 877 descriptio
877 787 976 854 tutius
1000 769 1106 878 ἠραν

28 888 71 953 ris
101 887 206 956 cardo
234 897 335 970 esset,
372 887 424 952 cui
451 887 641 954 secundaria
672 888 841 953 accederet
864 901 975 953 earum
996 898 1107 956 lerum

28 989 193 1070 narratio,
215 1010 298 1078 quae
319 988 361 1054 ad
382 987 622 1078 navigationem
640 977 730 1054 illam
742 992 820 1081 ‚plus
834 975 939 1054 lirinus
953 990 1109 1058 viderem

28 1103 80 1155 tur
101 1089 278 1182 pertinere.
321 1090 433 1181 Itaque
454 1091 536 1157 nihil
558 1090 783 1176 mirabimur,'
806 1095 895 1185 quod
923 1114 1029 1184 neque
1049 1094 1107 1160 In·

29 1191 182 1259 dicarnm
214 1200 323 1261 rehum
353 1193 560 1260 accuratiore*
581 1193 801 1286 descriptione
827 1196 1121 1286 νοΙιιίῐνινρννξνν-ι

29 1297 132 1381 dere,
178 1297 331 1388 quodiam
364 1297 458 1366 ludia
491 1297 597 1366 totius'
615 1297 833 1390 navigationis
867 1323 962 1366 causa
993 1310 1025 1363 et
1051 1316 1108 1361 ca·

29 1415 87 1490 put
108 1400 260 1466 habenda
282 1414 346 1484 est,
366 1420 472 1490 neque
493 1411 531 1466 'ea
550 1401 783 1490 praetermisit,
805 1424 888 1491 qnae
908 1396 992 1466 intr'a
1013 1395 1108 1463 huius

29 1499 249 1588 navigationis
269 1515 396 1593 ternpus
424 1499 615 1568 Alexandro
646 1517 678 1568 ct
700 1502 856 1568 exercitui
877 1498 1020 1591 pedestri
1048 1519 1109 1564 usu

29 1603 209 1670 venissent.
230 1641 272 1654 -
322 1601 451 1688 Quodsi
478 1605 560 1669 haec
587 1613 667 1670 vere
692 1614 766 1666 sunt
787 1601 964 1691 disputata,
993 1611 1109 1692 sponte

31 1704 257 1794 consequitur,
279 1703 365 1797 apud
377 1706 553 1773 Arrianum
573 1706 607 1771 in
623 1686 768 1772 Historia
777 1705 890 1796 Indica
912 1706 955 1784 (c.
977 1693 1110 1770 XX.-·
1208 1772 1211 1778 ,

31 1805 174 1892 XLIII.)
201 1795 268 1872 nori
289 1806 449 1894 integrum
470 1808 534 1873 hoc
557 1805 697 1871 Nearchi
724 1826 818 1895 opus,
841 1803 901 1868 sed
920 1802 1110 1893 primariam

31 1921 158 1974 tantum
179 1907 248 1974 'eius
270 1913 394 1999 partem
409 1933 481 1976 esse
494 1919 727 1975 conservatam.
771 1904 908 1994 Reliqua
923 1926 1005 1971 vero
1018 1917 1110 1994 parte

31 2011 196 2078 Arrianus
218 2012 262 2078 ita
283 2011 413 2078 videtur
433 2033 510 2077 usus
533 2033 619 2092 esse,
650 2022 687 2075 ut
709 2029 792 2099 quae
810 2023 991 2074 memoratu
1012 2007 1112 2094 digna

32 2137 50 2179 a
71 2115 226 2180 Nearcho
246 2127 425 2180 memorata
448 2107 571 2192 e'sseht,
594 2112 668 2178 dala
688 2109 861 2179 occasione
880 2130 954 2176 cum
974 2110 1112 2177 aliorum
1181 2155 1186 2162 -

33 2229 205 2297 auctorum
227 2212 410 2279 narratione
430 2209 529 2276 mixta
551 2213 605 2277 vel
623 2209 791 2292 ¹Historiae
812 2209 943 2274 Indicae
964 2213 1017 2277 vel
1031 2210 1113 2275 Ale·-

32 2316 155 2384 xandri
166 2314 375 2406 Expeditioni
390 2314 558 2380 intexeret.
600 2310 648 2377 Ita
666 2309 699 2375 in
712 2310 856 2378 Historia
868 2310 981 2397 Indica
999 2310 1112 2395 (XIX.

33 2427 63 2499 §.
87 2418 138 2503 8.)
166 2415 238 2506 ipse
267 2415 442 2494 Arrianus,
474 2415 590 2480 ubi'et
617 2413 688 2508 hoc·
710 2424 742 2477 et
771 2411 979 2477 antecedente
1007 2412 1113 2504 capite

17 2513 20 2526 ¹
35 2517 208 2610 exposuit,
232 2515 398 2605 quomodo
412 2513 694 2610 fuissettinstructa,
707 2509 890 2578 Alexandri
904 2513 1013 2579 classis
1029 2539 1113 2604 quae

35 2619 214 2712 Hyphasin
244 2629 275 2680 et
302 2617 420 2683 Indum
439 2614 750 2706 ¹pernavigasset-¹),
787 2613 830 2678 de
864 2614 989 2703 reliqua
1016 2616 1112 2684 huius

37 2717 257 2810 navigationis
279 2717 463 2784 narratione
484 2717 626 2802 lectores
644 2715 686 2778 ad
701 2701 954 2804 Expeditionem
966 2717 1113 2784 Alexan-

37 2823 93 2888 dri
121 2845 140 2886 a
167 2843 201 2885 se
223 2818 374 2909 scriptam
397 2815 570 2916 ablegavit.
610 2817 708 2890 Unde
737 2817 914 2904 colligitur,
944 2819 1112 2906 quomodo

36 2926 163 2992 factum
193 2921 250 3002 sit,
287 2925 322 2987 ut
349 2945 414 2988 uno
438 2919 779 3010 sexto'Ex'peditionis
806 2919 986 2988 Alexandri
1014 2920 1111 3006 libro,

38 3029 174 3118 qnippe
194 3045 260 3112 quo
289 3023 369 3088 haec
396 3013 565 3110 navigatio
587 3020 747 3111 prolixius
776 3037 903 3088 narrata
924 3037 1025 3106 esset,
1060 3023 1111 3089 bis

37 3128 203 3198 Arrianus
225 3123 266 3189 ad
288 3125 426 3190 Nearchi
447 3121 669 3192 auctoritatem
688 3140 898 3216 provocaret,
923 3149 1030 3217 neque
1049 3149 1114 3216 po·

39 3219 119 3296 test
135 3223 291 3306 dubilarI,
327 3225 404 3314 quin
432 3250 550 3316 magua
576 3226 672 3294 huius
705 3225 782 3292 libri
809 3252 885 3319 pars¹
910 3253 952 3295 cx
972 3227 1114 3295 Nearchi

40 3327 282 3422 commentariis
303 3327 442 3394 fluxerit.

144 3464 283 3530 Nearchi
304 3457 436 3531 fidei'in
456 3464 747 3534 Indicarumcerte
768 3491 877 3533 rerum
897 3464 1113 3554 descriptione

41 3563 133 3632 haud
152 3563 286 3630 multum
304 3589 380 3631 sane
394 3565 593 3632 credendum
611 3582 711 3651 esset,
732 3566 760 3632 si
775 3565 941 3634 Strabonis
955 3566 1113 3636 iudicium

43 3691 272 3757 sequeremur,
301 3667 388 3757 apud
416 3693 513 3758 quem
540 3667 600 3750 (T.
621 3668 648 3735 I.
670 3693 704 3760 p.
726 3669 816 3756 188.)
845 3691 883 3731 ea
911 3666 953 3732 de
974 3693 1011 3734 re
1032 3669 1114 3737 haec

43 3761 212 3859 leguntur}
228 3764 379 3847 ’Ἅπαντες
393 3771 448 3854 μὲν
465 3777 567 3837 τοίνυν
587 3776 617 3836 ci
638 3771 704 3855 περὶ
722 3761 775 3857 τῆς
787 3756 913 3858 Ἰνδικῆς
929 3770 1113 3858 γράψαντες,

110 3957 112 3962 ’
148 3971 177 4038 1)
196 3958 229 4023 In
239 3943 286 4034 his
304 3963 417 4042 quoque
431 3963 566 4020 Arrianus
579 3965 752 4032 Nearchum,
777 3941 807 4021 iic
825 3963 859 4015 uui
878 3961 948 4034 ἀμφὶ
967 3970 1005 4034 τῷ
1023 3971 1112 4039 παρά.

44 4055 100 4122 πλῳ
112 4053 256 4124 ἀνέγραψεν
270 4061 403 4128 sequutus
417 4059 468 4107 est.
493 4049 536 4107 Cf.
551 4049 624 4106 nist.
633 4049 696 4103 Ind.
709 4051 815 4105 XVIII.
828 4048 850 4118 l.
864 4051 890 4107 4.
905 4059 934 4106 et
947 4053 1111 4124 Expahlex.

49 4143 102 4196 vl·
117 4155 141 4196 ον
155 4141 199 4196 ²8·
217 4139 239 4202 §⁸
255 4139 298 4192 10·
835 4141 845 4170 ’·
874 4137 877 4140 ⁴
1117 4149 1121 4153 ’

1205 4177 1269 4206 ..hs
