2642 4242
578 263 777 326 ...6-

225 435 385 521 Quoniam
395 447 665 524 quaesequuntur
674 441 762 525 apud
771 440 999 505 Fraenlroliurn
1010 440 1211 527 traversa)

145 546 222 609 satis
238 544 399 629 refutavit,
425 548 657 630 praetermissis
681 549 726 612 eis
743 548 785 611 ad
802 570 873 613 eam
891 555 1014 631 partem
1035 548 1212 614 Praenlxeli

142 652 218 717 libri
249 653 366 718 accedo
401 654 668 720 considerandam
701 655 735 740 (l.
761 677 787 728 c,
812 679 843 739 p.
870 657 926 743 22)
951 657 982 720 in
1008 676 1074 739 qna
1096 665 1213 722 auctor

144 759 186 824 ad
219 761 337 826 multas
370 761 441 826 illas
475 761 723 845 discrepantias,
765 785 850 849 quae
881 764 965 828 inter
997 760 1148 828 Curtium
1182 771 1215 829 et

144 867 305 932 Iustinum
329 876 413 950 sunt,
445 869 665 954 explanandas
690 869 730 933 de
754 870 899 955 pluribus
927 871 1214 935 retractationibus

144 975 218 1040 libri
250 973 405 1040 Clitarcbi
438 976 629 1041 sententiam
661 976 747 1049 dicit.
812 975 901 1060 Quas
934 983 1074 1063 quatuor
1114 977 1215 1042 fuisse

145 1084 268 1152 statuit,
332 1083 378 1148 Ut
424 1090 510 1148 recte
557 1084 596 1149 de
645 1085 777 1150 diversis
816 1085 1102 1171 retractationibus
1141 1087 1218 1150 libri

145 1190 301 1256 Clitarcbi
341 1190 516 1254 iudicemus
549 1211 666 1274 operae
697 1191 834 1275 pretium
866 1192 991 1257 videtur
1031 1215 1101 1257 esse
1130 1193 1218 1258 hano

146 1300 366 1384 quaestionem
400 1299 440 1362 ab
475 1299 596 1382 origine
620 1301 752 1385 exquiri.
802 1299 985 1363 Diodorum
1010 1308 1042 1365 et
1066 1301 1217 1366 Curtium

146 1428 210 1470 non
247 1405 352 1470 fontes
396 1407 574 1490 primarios,
618 1405 690 1470 dico
731 1406 962 1473 Callisthenem
996 1406 1219 1474 Onesicritum

63 1568 65 1573 .
147 1509 344 1576 Clitarcbum
362 1515 393 1577 in
406 1513 551 1578 manibus
570 1514 721 1578 habuisse
734 1514 790 1578 sed
800 1515 1049 1582 retractationes
1060 1515 1219 1580 librorum

147 1640 257 1685 eorum
287 1621 408 1703 primus
440 1620 517 1685 inibi
549 1621 676 1687 videtur
697 1621 847 1686 Laudien
871 1620 1050 1707 dixissem)
1094 1623 1220 1686 Diluci-

148 1727 290 1792 dioribus
332 1728 436 1792 vorbis
476 1730 632 1812 expressit
673 1751 743 1794 eam
784 1729 977 1794 sententiam
1009 1729 1220 1815 Droysenrn

147 1835 181 1898 Is
208 1836 290 1898 enim
322 1835 492 1900 verisimile
526 1857 594 1898 esse
626 1835 722 1907 dicit:
755 1836 938 1900 Diodorum
971 1857 1034 1901 non
1059 1834 1222 1900 Clitarcbi

147 1940 229 2005 libro
240 1941 309 2023 ipso
329 1941 385 2004 sed
405 1943 636 2008 retractatione
654 1944 720 2006 eius
737 1965 831 2008 usum
846 1965 924 2025 esse,
950 1964 1034 2029 quae
1049 1945 1222 2008 occasione

148 2052 226 2116 data
256 2050 475 2116 narrationem
510 2071 529 2114 a
560 2049 642 2114 libro
667 2051 738 2133 ipso
762 2049 999 2134 discrepantem
1025 2071 1222 2115 commemo·

147 2166 262 2230 rasset.
310 2158 465 2241 Apertius
499 2165 540 2240 et,
574 2164 611 2221 ut
643 2159 691 2221 ita
714 2157 829 2239 dicam,
865 2159 1020 2222 audacius
1043 2158 1125 2221 haec
1149 2179 1223 2220 sen-

148 2269 250 2334 tentia
274 2266 313 2331 de
336 2267 567 2331 retractatione
585 2265 726 2351 quadam
747 2265 821 2329 libri
837 2265 994 2355 Clitarcbi
1013 2286 1034 2328 a
1049 2262 1222 2328 Koeblero

149 2375 277 2458 prolata
308 2373 405 2458 esth)
438 2375 491 2458 qui
528 2373 597 2457 plus
623 2393 720 2458 quam
744 2373 841 2436 semel
864 2372 981 2436 librum
1005 2370 1163 2436 Clitarcbi
1187 2372 1221 2435 in

149 2503 264 2547 novam
288 2481 425 2544 formam
449 2481 614 2544 redactam
644 2502 713 2544 esse
737 2480 913 2544 contendit.
962 2475 1036 2560 Qua
1059 2476 1223 2542 Koebleri

149 2591 311 2656 sententia
333 2588 495 2652 Fraerrhel
527 2595 706 2652 commotus
735 2609 804 2652 esse
829 2587 965 2667 videtur,
999 2594 1035 2650 ut
1058 2585 1140 2649 mira
1164 2586 1223 2650 illa

149 2699 266 2764 indicia
293 2698 332 2762 de
356 2697 509 2780 t'ontibus,
543 2697 700 2781 equibus
725 2695 891 2759 Diodorus
917 2692 1049 2758 Curtius
1072 2694 1222 2758 Iustinus

149 2807 340 2886 hausissent,
375 2805 543 2889 proferret,
591 2804 710 2870 Censet
743 2805 827 2868 enim
858 2802 911 2866 ille
945 2803 992 2864 vir
1016 2801 1221 2865 doctissimus

150 2936 209 2979 nec
232 2912 378 2980 Curtium
403 2935 462 2978 nec
486 2911 669 2976 Diodorum
694 2933 752 2975 neo
775 2911 936 2977 Iustinum
956 2907 1111 2974 Clitarcbi
1136 2907 1220 2971 libro

150 3023 219 3105 ipso
244 3042 318 3084 usos
343 3041 422 3102 esse,
448 3020 505 3085 sed
530 3042 546 3084 e
569 3018 841 3083 retracationibus
866 3016 965 3080 modo
982 3015 1054 3080 illos
1070 3015 1221 3079 hausisse

150 3130 207 3210 ita,
231 3135 268 3193 ut
290 3129 434 3210 proxime
466 3127 600 3191 accedat
624 3125 667 3190 ad
691 3125 847 3190 Clitarcbi
870 3124 987 3187 librum
1010 3124 1115 3208 ipsum
1139 3120 1221 3184 liber

152 3257 248 3322 quam
280 3234 446 3300 Diodorus
479 3233 648 3315 exscribat,
684 3233 739 3317 qui
769 3233 829 3295 nisi
861 3232 893 3294 in
925 3231 1035 3314 paucis
1068 3229 1164 3292 rebus
1200 3249 1220 3290 a

153 3342 317 3409 Clitarcbo
357 3363 421 3405 non
464 3340 633 3423 discrepet,
698 3337 803 3422 Quam
840 3337 1105 3402 retractationem
1145 3334 1221 3398 libri

153 3450 308 3517 Clitarcbi
333 3449 374 3516 ab
400 3449 463 3514 alio
488 3456 620 3513 auctore
643 3450 675 3511 in
700 3468 771 3511 earn
795 3446 933 3510 formam
951 3444 1118 3508 redactam
1139 3463 1218 3522 esse,

224 3647 258 3712 11)
278 3647 326 3700 ‘nv
334 3661 400 3700 ers:
414 3642 642 3700 Wochenschrilt
652 3642 699 3698 fiir.
709 3642 792 3696 klass.
802 3642 960 3710 Philologie
974 3640 1051 3707 1884,
1065 3636 1150 3708 p,386
1161 3655 1220 3706 sqq.

224 3736 258 3804 111)
278 3735 447 3797 Laudien:
467 3735 486 3789 l.
506 3751 527 3786 c.
548 3751 574 3800 p.
597 3732 630 3784 39
650 3736 678 3785 et
696 3734 740 3785 40.

225 3823 260 3894 11)
278 3822 450 3891 Droysen:
469 3825 486 3877 l.
507 3841 529 3876 c.
550 3821 573 3875 Ι.
593 3819 629 3872 22.
649 3840 677 3889 p.
690 3823 743 3873 406
763 3825 791 3873 et
809 3821 869 3874 407.

226 3912 260 3985 ¹⁸)
280 3912 447 3973 Kosmou
467 3915 485 3968 l.
505 3930 527 3966 c.
547 3930 574 3988 p.
598 3910 637 3962 19·
650 3916 678 3963 et
696 3910 740 3967 46.
