2642 4242
198 1445 333 1540 Multi
370 1477 428 1539 viri
474 1475 649 1540 doctissimi
692 1476 787 1540 huius
828 1475 1017 1559 praesertim
1056 1475 1157 1540 aetati

102 1582 221 1663 fontes,
251 1583 306 1665 qni
337 1589 464 1647 exstant
488 1583 528 1647 de
552 1581 733 1646 Alexandri
759 1582 874 1664 Magni
897 1582 1003 1663 rebus,
1028 1602 1173 1665 perscru-

104 1689 165 1754 tati
190 1696 273 1770 suut,
299 1688 355 1754 sed
380 1688 522 1754 nondum
547 1690 586 1754 de
611 1689 757 1754 omnibus
781 1688 843 1752 illis
866 1689 962 1754 rebus
990 1687 1032 1752 ad
1049 1695 1172 1753 certum

105 1798 307 1880 pervenimus
330 1797 491 1862 iudicium.
539 1795 637 1862 Cuius
661 1798 708 1860 rei
732 1817 858 1877 causae,
884 1803 920 1861 nt
943 1795 1020 1860 mihi
1044 1795 1172 1883 quidem

107 1905 240 1986 videtur,
274 1903 362 1970 haud
392 1904 486 1969 facile
519 1911 655 1988 possunt
678 1904 821 1986 intelligi.
868 1904 929 1968 Ille
953 1926 1091 1988 quoque,
1117 1905 1172 1987 qui

102 2013 286 2094 nuperrime
319 2012 359 2076 de
390 2011 452 2076 hec
484 2034 519 2077 re
551 2013 692 2095 scripsit,
730 2011 801 2076 dico
833 2009 875 2076 A.
909 2011 1171 2096 Fraenlrelium1)

101 2119 229 2202 longius
253 2121 286 2183 in
311 2119 394 2186 hanc
411 2121 604 2186 sententiam
621 2120 805 2205 disputavit,
846 2118 937 2183 Dixit
956 2121 1038 2184 enim
1063 2139 1172 2183 omnes

104 2228 234 2291 omnino
258 2226 366 2309 libros
393 2229 446 2311 qui
472 2227 512 2292 de
535 2228 631 2292 rebus
653 2227 695 2291 ab
719 2225 910 2291 Alexandro
926 2226 1050 2309 Magno
1074 2226 1172 2309 gestis

103 2334 280 2418 conscripti
313 2334 392 2416 sint,
427 2333 516 2400 dubii
550 2356 619 2399 esse
651 2335 746 2418 pretii
780 2354 953 2417 omnesque
984 2333 1064 2398 haec
1096 2333 1173 2398 vitia

104 2441 279 2527 habere22)
303 2443 441 2526 primum
459 2443 587 2527 quidem
605 2463 659 2507 eos
682 2443 737 2525 qni
754 2441 794 2506 de
810 2441 859 2506 his
875 2441 971 2506 rebus
988 2441 1174 2526 scripserint

102 2572 210 2633 neque
233 2551 312 2615 satis
337 2551 510 2633 diligenter
534 2551 638 2615 fontes
664 2550 845 2633 perlegisse,
869 2572 974 2632 neque
990 2571 1044 2613 eos
1062 2571 1173 2614 eorum

103 2658 160 2740 qni
194 2658 426 2724 recentioribus
459 2658 659 2741 temporibus
693 2655 828 2722 eandem
859 2677 928 2720 rem
953 2658 1172 2740 tractaverint,

102 2764 262 2830 rationem
297 2788 393 2849 quam
428 2765 556 2830 deceret
596 2765 757 2837 habuisse,
813 2763 978 2848 Denique,
1013 2764 1101 2847 quod
1132 2766 1173 2830 sit

94 2873 336 2956 gravissimum,
362 2873 434 2938 illos
457 2896 522 2938 non
544 2873 665 2938 iudicio
689 2873 746 2937 sed
771 2873 904 2937 arbitrio
928 2894 1009 2955 vago
1026 2894 1174 2957 vanaque

103 2981 210 3064 specie
231 2980 274 3045 'de
298 2982 429 3064 siugulis
447 2981 525 3048 locis
543 2981 679 3045 fontium
697 2982 889 3046 sententiam
906 2980 1032 3054 dixisse,
1071 2983 1173 3048 Hand

102 3089 219 3152 iniuria
252 3089 429 3171 Fraenkel,
465 3088 551 3172 quod
585 3089 626 3152 ad
659 3088 731 3154 illos
763 3090 916 3176 pertinet3
947 3089 1004 3153 sed
1034 3093 1173 3157 maxima

102 3197 191 3278 vitia,
229 3199 343 3281 quibus
368 3194 530 3277 laborant,
556 3217 619 3261 non
644 3195 731 3260 videt
755 3203 787 3261 et
811 3219 894 3281 quae
917 3196 979 3263 illis
1003 3200 1080 3265 vitio
1105 3200 1171 3282 dat,

100 3305 172 3385 ipse
200 3307 374 3388 commisit,
408 3313 440 3370 et
470 3306 503 3368 in
536 3305 698 3371 nonnullis
727 3304 823 3379 rebus
847 3305 945 3370 etiam
968 3308 1070 3389 magis
1094 3308 1173 3373 vitu·

101 3411 268 3492 perandns
294 3419 351 3476 est.
399 3411 445 3476 Et
468 3411 545 3475 mihi
571 3433 638 3493 orn,
663 3418 700 3475 ut
723 3412 848 3477 veniam
872 3398 965 3496 detis,
989 3416 1015 3477 si
1040 3415 1117 3498 qnid
1140 3417 1172 3480 in

101 3541 138 3584 re
164 3518 352 3586 difficillima
375 3522 479 3585 minus
504 3529 591 3586 recte
615 3522 730 3591 fecero,

103 3669 274 3676 —--——--—
279 3670 318 3676 .—

175 3735 197 3804 ¹)
219 3734 253 3790 A.
272 3736 462 3792 Froenkel:
482 3736 536 3792 Die
550 3738 671 3806 Qnellen
688 3739 740 3792 der
752 3739 1074 3809 Alexanderhistoriker,
1092 3740 1173 3795 Bres-

104 3829 153 3882 lnu
173 3825 250 3880 1883.

179 3915 348 3988 nupt
997 3991 1013 4045 1
