2642 4242
485 277 754 339 ,....25...

102 454 330 521 Alexandrum
355 454 457 519 classe
479 453 638 518 instructa
665 453 696 516 in
721 452 832 518 urbem
861 453 1034 537 navigasse.
1083 450 1165 515 Turn

98 566 267 628 Arrianus
276 569 387 627 narrat
397 564 499 646 primo
511 561 772 644 quidemimpetu
782 582 932 642 maguam
947 561 1028 624 muri
1045 566 1168 643 partem

98 671 299 737 labefactam
324 671 468 755 duasque
491 691 588 733 naves
618 690 690 731 cum
713 667 864 751 pontibus
899 665 1058 731 adductas
1092 689 1170 733 esse.

98 779 219 861 Atque
251 779 388 843 alteram
421 777 550 860 quidem
578 776 706 839 navium
739 781 893 839 scutatos
914 774 995 839 duce
1021 775 1170 855 Admeto,

98 888 243 952 alteram
266 885 367 951 Goeni
390 886 555 951 cohortem
579 904 772 970 occupasse,
812 881 1037 946 Alexandrum
1066 882 1171 968 ipsum
1206 884 1208 888 ’

97 996 138 1058 in
163 996 270 1060 animo
288 985 452 1075 habuisse,
478 1001 513 1057 ut
537 1013 609 1055 cum
625 990 760 1055 scutatis
784 1011 907 1053 murum
931 989 1169 1060 conscenderet.

98 1102 233 1167 Primos
242 1109 387 1169 scutatos
401 1101 482 1166 duce
490 1098 633 1165 Admeto
644 1118 771 1162 murum
782 1097 1016 1181 conscendisse,
1029 1097 1171 1163 Alexan·
1185 1158 1188 1166 ,

99 1212 201 1274 drum
216 1210 344 1274 fortiter
358 1214 554 1295 pugnantem
571 1206 778 1271 subsecutum
794 1228 872 1271 esse.
900 1212 1006 1287 Atque
1024 1228 1064 1271 ea·
1078 1213 1171 1289 parte

99 1318 242 1403 primum
268 1338 332 1398 qua
354 1314 522 1399 premebat
537 1336 605 1395 rex,
631 1335 757 1378 murum
781 1321 911 1397 capitum
935 1335 1013 1383 esse,
1048 1313 1169 1379 Adme-

98 1433 187 1505 tum,
210 1424 266 1509 qui
288 1423 410 1507 primus
435 1444 561 1486 murum
585 1420 825 1503 conscenderat,
856 1421 970 1485 lancea
1000 1422 1170 1486 traiectum
1241 1488 1243 1491 ,

97 1530 273 1601 interiisse
313 1529 478 1594 Diodorus
502 1550 630 1613 quoque
650 1528 827 1593 Admetum
848 1528 1170 1615 commemoranter)

99 1639 163 1705 sed
179 1660 250 1703 cum
266 1623 409 1702 Arriano
425 1618 490 1702 nou
506 1638 677 1702 consentit:
703 1658 778 1701 nam
795 1635 882 1720 apud
897 1636 988 1703 illurn
1008 1634 1168 1701 Admetus
1246 1616 1248 1626 l

98 1749 138 1810 in
158 1746 321 1829 superiore
330 1746 494 1831 impetum
504 1744 625 1832 Tyrum
639 1745 726 1809 facto
736 1751 834 1827 atque
845 1744 908 1809 alio
918 1744 1014 1809 modo
1026 1750 1171 1823 necatur,

42 1907 51 1928 .,
99 1856 153 1918 ait
176 1854 258 1916 enim
283 1851 461 1917 Admetum
484 1852 516 1914 in
545 1852 685 1917 medium
718 1860 816 1937 eaput
847 1854 951 1917 securi
984 1870 1170 1935 percussum

98 1962 245 2042 ingenua
267 1965 371 2023 morte
395 1960 493 2023 vitam
508 1960 592 2024 illico
614 1960 762 2025 finivisse.
804 1961 857 2023 Ex
874 1959 1019 2024 Arriano
1044 1966 1076 2023 et
1092 1959 1169 2022 Dio-

101 2068 186 2131 doro
209 2073 319 2131 autem
335 2066 514 2131 Admetum
537 2069 569 2131 in
586 2068 803 2153 oppugnanda
820 2066 906 2150 Tyro
923 2068 1041 2131 virtute
1057 2068 1170 2131 ceteris

100 2176 305 2258 praestitisse
329 2182 361 2240 et
383 2177 543 2242 interiisse
574 2200 632 2261 pro
657 2185 744 2242 certo
768 2178 902 2258 intelligi
934 2183 1049 2261 potest.
1097 2173 1170 2253 Quo

99 2284 139 2346 in
162 2304 197 2346 re
220 2285 438 2350 narrationem
454 2284 588 2348 Arriani
611 2308 669 2362 nes
687 2286 778 2367 sequi
795 2284 911 2349 debere
928 2292 1074 2367 apparet,
1100 2304 1171 2347 eum

100 2391 167 2466 hic¹
182 2399 294 2457 auctor
322 2394 354 2456 in
384 2394 530 2458 omnibus
561 2393 656 2457 rebus
691 2416 710 2457 a
742 2400 836 2478 parte
860 2385 1077 2457 Macedonum
1109 2389 1172 2454 fide

101 2506 218 2563 nostra
250 2499 453 2582 dignissimus
490 2503 540 2566 sit.
597 2501 740 2566 Admeto
781 2500 948 2565 interfecto
982 2498 1170 2564 Alexander

101 2630 179 2672 oum
202 2610 311 2672 amicis
328 2632 454 2673 murum
471 2614 647 2693 occupavit.
680 2612 732 2675 De
748 2610 853 2693 Tyriis
871 2611 925 2695 qui
942 2608 1168 2692 superfuerant

101 2715 267 2779 Arrianus
291 2709 389 2801 atque
406 2718 571 2783 Diodorus
594 2719 739 2784 referunt
762 2740 869 2799 regem
894 2718 1042 2781 mulieres
1067 2722 1099 2780 et
1116 2717 1172 2779 im-

101 2824 222 2889 bellem
246 2831 386 2889 aetatem
411 2813 562 2889 servitute
584 2824 735 2889 affecisse.
784 2823 944 2889 Arrianus
962 2825 1042 2888 enim
1061 2829 1172 2887 narrat
1223 2802 1227 2809 ’

101 3008 319 3015 ...ρ-..-

101 3112 200 3166 Sturm
222 3113 300 3165 einer
318 3112 438 3180 ruhigcn
456 3112 534 3167 See“.
572 3112 663 3181 Quam
682 3112 871 3166 coniecturam
891 3110 1014 3165 Sintenis
1040 3109 1170 3163 exomni

101 3206 187 3271 parte
206 3219 263 3254 non
282 3203 431 3255 convenire
449 3206 554 3269 putem.
592 3203 635 3255 Ac
648 3203 768 3270 primum
783 3202 895 3268 quidem
909 3200 976 3252 mihi
996 3216 1052 3251 non
1070 3198 1170 3251 mirum

101 3308 166 3345 esse
185 3291 297 3344 videtur
315 3291 345 3343 in
359 3293 547 3360 oppugnanda
566 3294 634 3345 urbe
648 3293 760 3344 inmari
774 3293 827 3345 sita
841 3293 1006 3359 tempestate
1020 3289 1171 3356 tranquilla

102 3398 176 3447 opus
201 3397 270 3434 esse.
306 3379 335 3433 si
362 3398 428 3432 vero
448 3371 591 3433 'Arrianus
616 3382 686 3433 illud
711 3386 807 3449 aperte
832 3382 904 3433 dixit
927 3379 996 3431 milii
1020 3393 1069 3445 pro
1094 3382 1171 3429 certo

101 3470 209 3523 habere
233 3470 317 3523 liceat
339 3474 534 3537 tempestatem
559 3471 588 3522 in
614 3471 756 3537 superiore
782 3472 810 3521 in
836 3470 941 3537 Tyrum
965 3470 1070 3534 impetu
1098 3466 1172 3519 facto

103 3558 250 3613 turbidam
263 3560 348 3612 fuisse
360 3560 533 3627 navibusque
551 3560 624 3626 regis
637 3560 772 3612 nocuisse.
811 3559 910 3627 Itaque
924 3558 1021 3611 videor
1035 3556 1100 3608 mihi
1115 3574 1170 3607 non

102 3650 166 3702 sine
185 3665 267 3701 carisa
286 3648 417 3701 arbitrari
437 3650 626 3701 narrationem
646 3648 721 3716 apud
741 3648 867 3701 Curtium
887 3647 937 3700 IV.
958 3650 983 3712 3,
1006 3650 1036 3698 16
1048 3648 1116 3711 -1e,
1137 3646 1170 3697 ad

103 3756 190 3807 quam
208 3744 305 3806 postea
323 3740 429 3807 redibo,
449 3757 504 3791 non
525 3740 634 3805 abipso
654 3739 841 3806 excogitatam
867 3738 915 3790 sed
929 3754 962 3790 ex
982 3737 1037 3789 alio
1051 3736 1170 3805 quodam

103 3829 185 3881 lente
203 3828 332 3881 haustam
352 3848 419 3882 esse.

177 3916 212 3987 ⁶0)
231 3917 314 3999 moa
333 3917 429 3972 xvir.
448 3918 492 3988 45,
506 3917 530 3972 c.
