2642 4242
579 110 758 164 ..16-

102 287 287 352 undecimo
311 287 506 352 Alexandri
529 287 666 368 imperii
688 305 791 350 anno.
816 295 854 351 at
875 285 1090 368 Droysenus
1114 286 1259 352 nescio

103 423 172 486 qua
196 422 305 468 causa
328 404 455 468 ductus
478 421 549 466 non
572 405 670 466 illum
692 403 796 482 diem,
831 420 901 484 quo
924 403 1039 467 factus
1063 412 1124 466 est
1155 403 1258 466 Ver-

101 521 265 602 giliarum
299 528 444 583 exortus
479 520 686 600 designasse
720 519 922 583 Nearchum
956 519 1116 598 coniecit,
1181 520 1254 583 sed

103 636 278 717 Septemb.
293 636 345 715 30,
369 636 406 698 in
428 652 498 716 quo
521 635 683 699 omnibus
699 635 847 698 Graecis
862 635 960 698 illum
975 635 1173 699 Pleiadum
1193 654 1252 698 or-

101 761 177 815 tum
188 769 319 834 ponere
332 750 549 815 consuetudo
560 751 693 814 fuisset.
724 750 866 814 minime
883 761 1002 815 autem
1013 751 1250 831 Nearchum,

101 867 319 950 praesectum
353 868 488 947 classis
535 885 640 948 quem
680 868 769 931 caeli
808 868 1033 949 siderumque
1070 869 1248 948 peritum

103 985 210 1049 fuisse
238 993 346 1067 patet,
376 1002 457 1048 cum
485 984 610 1047 litteris
639 984 823 1048 mandaret
851 985 1117 1048 observationes
1154 960 1245 1048 cae-

102 1104 220 1181 lesteS,
235 1102 442 1181 popularem
454 1099 673 1163 Graecorum
688 1117 802 1180 usum,
819 1119 890 1163 non
905 1102 1087 1164 stellarum
1102 1119 1249 1165 cursus

103 1236 182 1282 esse
195 1226 355 1280 secutum
366 1216 450 1280 mibi
463 1215 604 1297 quidem
615 1216 798 1296 probabile
811 1225 874 1278 est.
900 1216 994 1279 diem
1006 1235 1028 1279 a
1038 1216 1067 1279 F
1068 1227 1248 1280 oerstero

104 1343 283 1414 repertum
306 1333 450 1413 accipio,
497 1332 618 1412 itaque
642 1349 724 1394 cum
746 1331 870 1396 Octob.
889 1332 929 1395 12
952 1334 1036 1396 anni
1058 1332 1122 1398 325
1148 1352 1247 1396 non-

103 1449 186 1512 dum
210 1457 304 1512 esset
326 1449 444 1511 finitus
467 1448 674 1511 undecimus
698 1467 744 1510 ex
761 1466 830 1528 quo
846 1458 1015 1528 regnaret
1025 1449 1245 1512 Alexander

102 1583 225 1644 annuS,
255 1583 325 1628 non
349 1574 431 1628 ante
460 1564 611 1626 eundem
640 1564 735 1626 diem
758 1567 842 1628 anni
865 1565 931 1628 336
954 1565 1114 1645 Philippo
1136 1567 1244 1645 patri

102 1682 281 1746 successit.
318 1699 384 1744 nec
407 1681 519 1744 multo
554 1689 651 1761 post;
688 1681 724 1742 in
757 1681 868 1744 vitam
903 1681 996 1743 enim
1030 1681 1242 1761 ingressum

102 1796 225 1862 Octob.
254 1797 293 1860 19
318 1797 400 1863 anni
423 1796 488 1860 356
512 1795 768 1876 Alexandrum,
792 1814 943 1877 regnum
959 1797 1126 1878 adeptum
1148 1815 1240 1860 esse

104 1913 229 1994 viginti
263 1913 364 1976 annis
386 1921 467 1994 post
490 1930 598 1993 supra
622 1913 895 1992 exploravimus
923 1952 961 1960 —
988 1912 1115 1977 Omnia
1137 1931 1238 1993 quae

104 2038 245 2110 reperta
268 2038 349 2092 sunt
373 2027 416 2091 de
440 2028 496 2091 die
518 2029 628 2092 natali
643 2029 689 2092 ad
705 2047 758 2108 ea,
783 2046 873 2109 quae
889 2029 1041 2091 affertmt
1055 2027 1237 2092 Arrianus

104 2155 139 2209 et
173 2145 356 2208 Nearchus
390 2145 434 2208 de
473 2145 576 2225 regni
609 2145 708 2208 initio
748 2145 877 2224 optime
916 2153 1126 2225 congruunt.
1161 2163 1235 2208 nec

104 2262 219 2326 minus
258 2261 318 2324 illa
353 2261 397 2323 de
436 2260 600 2324 eruendis
640 2257 907 2341 olympiadibus
941 2261 1001 2323 lex
1031 2259 1234 2324 Alexandri

104 2378 255 2441 valuerit
289 2378 504 2457 temporibus
538 2377 731 2441 secundum
766 2395 808 2440 ea
843 2394 934 2458 quae
969 2375 1233 2457 disputavimus

105 2502 250 2575 oportet.
276 2511 358 2556 nam
382 2511 462 2557 cum
484 2494 585 2557 brevi
607 2501 688 2573 post
707 2493 810 2555 ludos
827 2491 1032 2574 Olympicos
1047 2492 1234 2556 Plutarchi

105 2619 140 2674 et
162 2609 294 2689 Iustini,
318 2627 389 2674 non
413 2617 494 2672 ante
518 2608 639 2673 Octob.
670 2609 708 2671 12
732 2607 875 2671 Arriani
899 2618 934 2671 et
956 2607 1111 2671 Nearchi
1134 2609 1231 2672 testi-

104 2726 229 2790 moniis
253 2744 375 2807 regem
397 2735 519 2790 natum
542 2743 621 2788 esse
645 2725 691 2788 sit
711 2725 964 2804 confirmatum,
990 2725 1127 2788 initium
1151 2743 1230 2788 cen-

104 2843 250 2906 tesimae
274 2849 396 2906 sextae
413 2841 632 2922 Olympiadis
655 2842 845 2921 plenilunio
861 2841 994 2904 mensis
1010 2840 1230 2922 Septembris

54 2965 55 2968 ’
104 2959 186 3022 anni
199 2959 263 3022 356
286 2959 486 3022 necessarie
499 2975 579 3022 esse
597 2957 820 3021 tribuendum
836 2975 941 3021 nemo
958 2975 1029 3020 non
1048 2957 1229 3022 concedet.

501 3265 572 3346 111.
615 3267 682 3340 De
712 3265 835 3347 exitu.

211 3424 336 3488 Exitus
371 3433 510 3504 tempus
544 3431 583 3485 ut
617 3429 854 3504 cognoscatur
888 3421 1148 3503 respiciendum
1175 3431 1231 3486 est

104 3541 189 3605 illud
205 3539 409 3620 Aristobuli‚
434 3557 503 3620 quo
526 3556 648 3633 regem
671 3537 805 3602 vixisse
828 3556 940 3602 annos
960 3539 1107 3620 triginta
1130 3538 1230 3619 duos,

104 3675 274 3737 regnasse
299 3656 483 3720 duodecim
506 3673 617 3720 annos
647 3656 770 3719 ethos
793 3665 873 3719 octo
896 3672 1038 3719 menses
1069 3663 1229 3719 testatur.

101 3773 235 3836 etenim
251 3790 330 3835 cum
347 3781 426 3836 octo
442 3773 621 3837 mensibus
637 3780 719 3852 post
735 3770 925 3834 Octobrem
941 3771 986 3835 sit
1003 3772 1231 3834 collocandus

107 3888 232 3967 obitus,
246 3887 343 3951 Iunio
356 3897 531 3952 mortuum
544 3905 623 3950 esse
630 3887 874 3950 Alexandrum
886 3887 989 3949 facile
996 3895 1229 3968 computatur.

107 4001 238 4082 Biatia,
264 4020 412 4084 quorum
435 4002 529 4084 apud
544 4002 773 4066 Plutarchum
788 4002 1014 4066 inveniuntur
1028 4001 1231 4084 fragmenta
