<?xml version="1.0" encoding="UTF-8"?>
<!DOCTYPE html PUBLIC "-//W3C//DTD XHTML 1.0 Transitional//EN"
    "http://www.w3.org/TR/xhtml1/DTD/xhtml1-transitional.dtd">
<html xmlns="http://www.w3.org/1999/xhtml" xml:lang="en" lang="en">
 <head>
  <title>
</title>
<meta http-equiv="Content-Type" content="text/html;charset=utf-8" />
  <meta name='ocr-system' content='tesseract 3.04.00' />
  <meta name='ocr-capabilities' content='ocr_page ocr_carea ocr_par ocr_line ocrx_word'/>
</head>
<body>
  <div class='ocr_page' id='page_1' title='image "./commentationisd00geiegoog_0044.png"; bbox 0 0 2642 4242; ppageno 0'>
   <div class='ocr_carea' id='block_1_1' title="bbox 231 291 1298 1208">
    <p class='ocr_par' dir='ltr' id='par_1_1' title="bbox 281 291 1294 602">
     <span class='ocr_line' id='line_1_1' title="bbox 282 291 1288 381; baseline -0.004 -15"><span class='ocrx_word' id='word_1_1' title='bbox 282 312 367 366; x_wconf 82' lang='lat' dir='ltr'>utere</span> <span class='ocrx_word' id='word_1_2' title='bbox 387 306 615 380; x_wconf 73' lang='lat' dir='ltr'>asseverasset,</span> <span class='ocrx_word' id='word_1_3' title='bbox 637 291 827 381; x_wconf 76' lang='lat' dir='ltr'>Alexander</span> <span class='ocrx_word' id='word_1_4' title='bbox 844 292 954 362; x_wconf 75' lang='lat' dir='ltr'>mulas</span> <span class='ocrx_word' id='word_1_5' title='bbox 966 291 1108 364; x_wconf 74' lang='lat' dir='ltr'>lacrimis</span> <span class='ocrx_word' id='word_1_6' title='bbox 1127 292 1234 380; x_wconf 80' lang='lat' dir='ltr'>lueis,</span> <span class='ocrx_word' id='word_1_7' title='bbox 1260 309 1288 362; x_wconf 89' lang='lat' dir='ltr'>nt</span> 
     </span>
     <span class='ocr_line' id='line_1_2' title="bbox 281 395 1294 486; baseline -0.002 -16"><span class='ocrx_word' id='word_1_8' title='bbox 281 400 459 482; x_wconf 78' lang='lat' dir='ltr'>Arrianus,</span> <span class='ocrx_word' id='word_1_9' title='bbox 486 395 541 468; x_wconf 80' lang='grc' dir='ltr'>τόν</span> <span class='ocrx_word' id='word_1_10' title='bbox 566 426 599 466; x_wconf 78' lang='grc' dir='ltr'>τε</span> <span class='ocrx_word' id='word_1_11' title='bbox 628 407 690 468; x_wconf 82' lang='grc' dir='ltr'>Δία</span> <span class='ocrx_word' id='word_1_12' title='bbox 711 403 772 469; x_wconf 72' lang='grc' dir='ltr'>τῶν</span> <span class='ocrx_word' id='word_1_13' title='bbox 790 397 957 486; x_wconf 60' lang='lat' dir='ltr'>‘mima</span> <span class='ocrx_word' id='word_1_14' title='bbox 976 403 1030 470; x_wconf 78' lang='lat' dir='ltr'>stul</span> <span class='ocrx_word' id='word_1_15' title='bbox 1049 401 1105 470; x_wconf 79' lang='grc' dir='ltr'>τὸν</span> <span class='ocrx_word' id='word_1_16' title='bbox 1119 400 1266 485; x_wconf 76' lang='grc' dir='ltr'><strong><em>Ἄμμωνα</em></strong></span> <span class='ocrx_word' id='word_1_17' title='bbox 1292 447 1294 453; x_wconf 46' lang='grc' dir='ltr'>ι</span> 
     </span>
     <span class='ocr_line' id='line_1_3' title="bbox 284 491 1273 602; baseline -0.003 -31"><span class='ocrx_word' id='word_1_18' title='bbox 284 502 412 590; x_wconf 69' lang='grc' dir='ltr'>Λιβύων</span> <span class='ocrx_word' id='word_1_19' title='bbox 427 501 602 584; x_wconf 77' lang='grc' dir='ltr'><strong><em>ἐπομνύειν,</em></strong></span> <span class='ocrx_word' id='word_1_20' title='bbox 625 491 720 587; x_wconf 57' lang='lat' dir='ltr'>sipia</span> <span class='ocrx_word' id='word_1_21' title='bbox 740 506 845 586; x_wconf 83' lang='grc' dir='ltr'><strong><em>μεῖζον</em></strong></span> <span class='ocrx_word' id='word_1_22' title='bbox 863 503 905 580; x_wconf 70' lang='lat' dir='ltr'>cic</span> <span class='ocrx_word' id='word_1_23' title='bbox 924 504 975 569; x_wconf 69' lang='grc' dir='ltr'>ἐπὶ</span> <span class='ocrx_word' id='word_1_24' title='bbox 992 495 1067 597; x_wconf 54' lang='lat' dir='ltr'>aptis</span> <span class='ocrx_word' id='word_1_25' title='bbox 1087 507 1126 602; x_wconf 69' lang='grc' dir='ltr'>τῇ</span> <span class='ocrx_word' id='word_1_26' title='bbox 1149 502 1273 600; x_wconf 70' lang='grc' dir='ltr'><em>ἆγγελίῃ</em></span> 
     </span>
    </p>

    <p class='ocr_par' dir='ltr' id='par_1_2' title="bbox 231 599 1296 1008">
     <span class='ocr_line' id='line_1_4' title="bbox 282 599 1296 693; baseline -0.005 -21"><span class='ocrx_word' id='word_1_27' title='bbox 282 632 352 688; x_wconf 73' lang='lat' dir='ltr'>occa,</span> <span class='ocrx_word' id='word_1_28' title='bbox 373 603 403 692; x_wconf 75' lang='grc' dir='ltr'>ἢ·</span> <span class='ocrx_word' id='word_1_29' title='bbox 416 599 464 670; x_wconf 77' lang='grc' dir='ltr'>ὅτι</span> <span class='ocrx_word' id='word_1_30' title='bbox 484 601 539 688; x_wconf 76' lang='grc' dir='ltr'>τὴν</span> <span class='ocrx_word' id='word_1_31' title='bbox 560 601 661 688; x_wconf 78' lang='grc' dir='ltr'><strong><em>Ἀσίην</em></strong></span> <span class='ocrx_word' id='word_1_32' title='bbox 688 607 793 669; x_wconf 77' lang='grc' dir='ltr'><strong><em>πᾶσαν</em></strong></span> <span class='ocrx_word' id='word_1_33' title='bbox 819 606 979 688; x_wconf 72' lang='grc' dir='ltr'><strong><em>ἐκτημένος</em></strong></span> <span class='ocrx_word' id='word_1_34' title='bbox 1002 609 1128 693; x_wconf 76' lang='grc' dir='ltr'>ἔρχεται.</span> <span class='ocrx_word' id='word_1_35' title='bbox 1182 605 1255 672; x_wconf 85' lang='lat' dir='ltr'>Nec</span> <span class='ocrx_word' id='word_1_36' title='bbox 1277 603 1296 667; x_wconf 23' lang='lat' dir='ltr'>fv</span> 
     </span>
     <span class='ocr_line' id='line_1_5' title="bbox 281 702 1285 794; baseline -0.005 -19"><span class='ocrx_word' id='word_1_37' title='bbox 281 709 353 774; x_wconf 88' lang='lat' dir='ltr'>dies</span> <span class='ocrx_word' id='word_1_38' title='bbox 387 720 420 772; x_wconf 88' lang='lat' dir='ltr'>et</span> <span class='ocrx_word' id='word_1_39' title='bbox 447 703 516 772; x_wconf 89' lang='lat' dir='ltr'>ludi</span> <span class='ocrx_word' id='word_1_40' title='bbox 550 706 683 772; x_wconf 87' lang='lat' dir='ltr'>aberant</span> <span class='ocrx_word' id='word_1_41' title='bbox 719 702 806 794; x_wconf 81' lang='lat' dir='ltr'>regis</span> <span class='ocrx_word' id='word_1_42' title='bbox 845 718 878 773; x_wconf 85' lang='lat' dir='ltr'>et</span> <span class='ocrx_word' id='word_1_43' title='bbox 910 704 1068 771; x_wconf 85' lang='lat' dir='ltr'>universi</span> <span class='ocrx_word' id='word_1_44' title='bbox 1087 704 1252 772; x_wconf 85' lang='lat' dir='ltr'>exercitus</span> <span class='ocrx_word' id='word_1_45' title='bbox 1282 738 1285 745; x_wconf 94' lang='lat'>·</span> 
     </span>
     <span class='ocr_line' id='line_1_6' title="bbox 281 805 1282 897; baseline -0.006 -19"><span class='ocrx_word' id='word_1_46' title='bbox 281 810 380 881; x_wconf 86' lang='lat' dir='ltr'>mium</span> <span class='ocrx_word' id='word_1_47' title='bbox 393 809 546 882; x_wconf 70' lang='lat' dir='ltr'>laetitiam</span> <span class='ocrx_word' id='word_1_48' title='bbox 562 807 733 890; x_wconf 84' lang='lat' dir='ltr'>testificati,</span> <span class='ocrx_word' id='word_1_49' title='bbox 754 805 871 897; x_wconf 88' lang='lat' dir='ltr'>quihus</span> <span class='ocrx_word' id='word_1_50' title='bbox 886 807 1030 896; x_wconf 86' lang='lat' dir='ltr'>undique</span> <span class='ocrx_word' id='word_1_51' title='bbox 1042 806 1184 874; x_wconf 82' lang='lat' dir='ltr'>Nearchi</span> <span class='ocrx_word' id='word_1_52' title='bbox 1201 807 1282 872; x_wconf 90' lang='lat' dir='ltr'>dilec</span> 
     </span>
     <span class='ocr_line' id='line_1_7' title="bbox 231 907 1280 1008; baseline -0.006 -28"><span class='ocrx_word' id='word_1_53' title='bbox 231 909 236 916; x_wconf 72' lang='grc'>’</span> <span class='ocrx_word' id='word_1_54' title='bbox 283 928 379 1008; x_wconf 86' lang='lat' dir='ltr'>caput</span> <span class='ocrx_word' id='word_1_55' title='bbox 400 913 493 989; x_wconf 82' lang='lat' dir='ltr'>sertis</span> <span class='ocrx_word' id='word_1_56' title='bbox 516 935 553 978; x_wconf 89' lang='lat' dir='ltr'>ac</span> <span class='ocrx_word' id='word_1_57' title='bbox 573 911 708 980; x_wconf 86' lang='lat' dir='ltr'>floribus</span> <span class='ocrx_word' id='word_1_58' title='bbox 729 910 914 1000; x_wconf 80' lang='lat' dir='ltr'>petebatur3</span> <span class='ocrx_word' id='word_1_59' title='bbox 936 908 994 977; x_wconf 84' lang='lat' dir='ltr'>vix</span> <span class='ocrx_word' id='word_1_60' title='bbox 1009 921 1116 975; x_wconf 86' lang='lat' dir='ltr'>autem</span> <span class='ocrx_word' id='word_1_61' title='bbox 1130 907 1280 998; x_wconf 74' lang='lat' dir='ltr'>praeibat</span> 
     </span>
    </p>

    <p class='ocr_par' dir='ltr' id='par_1_3' title="bbox 282 1002 1298 1208">
     <span class='ocr_line' id='line_1_8' title="bbox 282 1002 1288 1105; baseline -0.009 -21"><span class='ocrx_word' id='word_1_62' title='bbox 282 1017 323 1084; x_wconf 85' lang='lat' dir='ltr'>ah</span> <span class='ocrx_word' id='word_1_63' title='bbox 348 1039 427 1105; x_wconf 84' lang='lat' dir='ltr'>roge</span> <span class='ocrx_word' id='word_1_64' title='bbox 453 1013 664 1104; x_wconf 79' lang='lat' dir='ltr'>impetrabat,</span> <span class='ocrx_word' id='word_1_65' title='bbox 687 1002 730 1080; x_wconf 84' lang='lat' dir='ltr'>ut&#39;</span> <span class='ocrx_word' id='word_1_66' title='bbox 749 1009 791 1076; x_wconf 90' lang='lat' dir='ltr'>ad</span> <span class='ocrx_word' id='word_1_67' title='bbox 815 1009 1239 1100; x_wconf 75' lang='lat' dir='ltr'>reliquamnavigationem</span> <span class='ocrx_word' id='word_1_68' title='bbox 1259 1035 1288 1098; x_wconf 90' lang='lat' dir='ltr'>p·</span> 
     </span>
     <span class='ocr_line' id='line_1_9' title="bbox 282 1111 1298 1208; baseline -0.008 -24"><span class='ocrx_word' id='word_1_69' title='bbox 282 1119 422 1208; x_wconf 83' lang='lat' dir='ltr'>gandam</span> <span class='ocrx_word' id='word_1_70' title='bbox 450 1113 692 1189; x_wconf 39' lang='lat' dir='ltr'>dimitteretur..</span> <span class='ocrx_word' id='word_1_71' title='bbox 725 1111 850 1189; x_wconf 82' lang='lat' dir='ltr'>Eadem</span> <span class='ocrx_word' id='word_1_72' title='bbox 862 1114 1050 1196; x_wconf 32' lang='lat' dir='ltr'>‘communis</span> <span class='ocrx_word' id='word_1_73' title='bbox 1072 1112 1214 1178; x_wconf 90' lang='lat' dir='ltr'>laetitiae</span> <span class='ocrx_word' id='word_1_74' title='bbox 1234 1137 1298 1200; x_wconf 69' lang='lat' dir='ltr'>argu</span> 
     </span>
    </p>
   </div>
   <div class='ocr_carea' id='block_1_2' title="bbox 170 1210 1300 1303">
    <p class='ocr_par' dir='ltr' id='par_1_4' title="bbox 170 1210 1300 1303">
     <span class='ocr_line' id='line_1_10' title="bbox 170 1210 1300 1303; baseline -0.01 -16"><span class='ocrx_word' id='word_1_75' title='bbox 170 1289 177 1296; x_wconf 71' lang='grc'><strong>,</strong></span> <span class='ocrx_word' id='word_1_76' title='bbox 283 1218 368 1288; x_wconf 85' lang='lat' dir='ltr'>catio</span> <span class='ocrx_word' id='word_1_77' title='bbox 388 1215 604 1303; x_wconf 78' lang='lat' dir='ltr'>redintegrata</span> <span class='ocrx_word' id='word_1_78' title='bbox 618 1227 690 1295; x_wconf 81' lang='lat' dir='ltr'>est,</span> <span class='ocrx_word' id='word_1_79' title='bbox 712 1239 811 1303; x_wconf 90' lang='lat' dir='ltr'>quum</span> <span class='ocrx_word' id='word_1_80' title='bbox 833 1213 867 1282; x_wconf 89' lang='lat' dir='ltr'>iu</span> <span class='ocrx_word' id='word_1_81' title='bbox 887 1210 1036 1302; x_wconf 80' lang='lat' dir='ltr'>Pasitigri</span> <span class='ocrx_word' id='word_1_82' title='bbox 1049 1211 1152 1280; x_wconf 85' lang='lat' dir='ltr'>fluvio</span> <span class='ocrx_word' id='word_1_83' title='bbox 1167 1217 1259 1280; x_wconf 85' lang='lat' dir='ltr'>salva</span> <span class='ocrx_word' id='word_1_84' title='bbox 1272 1237 1300 1276; x_wconf 81' lang='lat' dir='ltr'>c·</span> 
     </span>
    </p>
   </div>
   <div class='ocr_carea' id='block_1_3' title="bbox 220 1314 1301 1712">
    <p class='ocr_par' dir='ltr' id='par_1_5' title="bbox 220 1314 1301 1712">
     <span class='ocr_line' id='line_1_11' title="bbox 282 1314 1294 1406; baseline -0.011 -18"><span class='ocrx_word' id='word_1_85' title='bbox 282 1319 328 1388; x_wconf 86' lang='lat' dir='ltr'>sis</span> <span class='ocrx_word' id='word_1_86' title='bbox 350 1315 574 1386; x_wconf 83' lang='lat' dir='ltr'>Alexandrum</span> <span class='ocrx_word' id='word_1_87' title='bbox 591 1314 848 1404; x_wconf 78' lang='lat' dir='ltr'>opperiretur¹).</span> <span class='ocrx_word' id='word_1_88' title='bbox 911 1315 1012 1391; x_wconf 81' lang='lat' dir='ltr'>Brevi</span> <span class='ocrx_word' id='word_1_89' title='bbox 1032 1332 1136 1383; x_wconf 88' lang='lat' dir='ltr'>autem</span> <span class='ocrx_word' id='word_1_90' title='bbox 1157 1330 1238 1406; x_wconf 88' lang='lat' dir='ltr'>post</span> <span class='ocrx_word' id='word_1_91' title='bbox 1257 1340 1294 1404; x_wconf 93' lang='lat' dir='ltr'>qu</span> 
     </span>
     <span class='ocr_line' id='line_1_12' title="bbox 283 1416 1301 1513; baseline -0.007 -24"><span class='ocrx_word' id='word_1_92' title='bbox 283 1416 545 1513; x_wconf 87' lang='lat' dir='ltr'>splendidissima</span> <span class='ocrx_word' id='word_1_93' title='bbox 559 1416 743 1506; x_wconf 85' lang='lat' dir='ltr'>nuptiarum</span> <span class='ocrx_word' id='word_1_94' title='bbox 759 1416 926 1485; x_wconf 74' lang='lat' dir='ltr'>sollemnia</span> <span class='ocrx_word' id='word_1_95' title='bbox 939 1416 973 1482; x_wconf 92' lang='lat' dir='ltr'>in</span> <span class='ocrx_word' id='word_1_96' title='bbox 987 1417 1144 1486; x_wconf 88' lang='lat' dir='ltr'>Susorum</span> <span class='ocrx_word' id='word_1_97' title='bbox 1158 1417 1253 1506; x_wconf 66' lang='lat' dir='ltr'>regia</span> <span class='ocrx_word' id='word_1_98' title='bbox 1277 1447 1301 1475; x_wconf 63' lang='lat' dir='ltr'>e</span> 
     </span>
     <span class='ocr_line' id='line_1_13' title="bbox 220 1513 1300 1602; baseline -0.009 -10"><span class='ocrx_word' id='word_1_99' title='bbox 220 1535 228 1554; x_wconf 84' lang='lat'><em>&#39;</em></span> <span class='ocrx_word' id='word_1_100' title='bbox 284 1526 470 1602; x_wconf 85' lang='lat' dir='ltr'>hrarentur,</span> <span class='ocrx_word' id='word_1_101' title='bbox 490 1517 681 1586; x_wconf 77' lang='lat' dir='ltr'>Alexander</span> <span class='ocrx_word' id='word_1_102' title='bbox 698 1513 839 1586; x_wconf 79' lang='lat' dir='ltr'>Nearchi</span> <span class='ocrx_word' id='word_1_103' title='bbox 860 1519 910 1584; x_wconf 90' lang='lat' dir='ltr'>sui</span> <span class='ocrx_word' id='word_1_104' title='bbox 929 1517 1016 1584; x_wconf 89' lang='lat' dir='ltr'>haud</span> <span class='ocrx_word' id='word_1_105' title='bbox 1036 1517 1215 1586; x_wconf 85' lang='lat' dir='ltr'>immemor</span> <span class='ocrx_word' id='word_1_106' title='bbox 1233 1541 1300 1582; x_wconf 88' lang='lat' dir='ltr'>eum</span> 
     </span>
     <span class='ocr_line' id='line_1_14' title="bbox 285 1615 1290 1712; baseline -0.007 -23"><span class='ocrx_word' id='word_1_107' title='bbox 285 1645 383 1690; x_wconf 84' lang='lat' dir='ltr'>aurea</span> <span class='ocrx_word' id='word_1_108' title='bbox 415 1641 536 1686; x_wconf 91' lang='lat' dir='ltr'>corona</span> <span class='ocrx_word' id='word_1_109' title='bbox 568 1631 604 1701; x_wconf 82' lang='lat' dir='ltr'>ut</span> <span class='ocrx_word' id='word_1_110' title='bbox 629 1616 775 1705; x_wconf 88' lang='lat' dir='ltr'>reliquos</span> <span class='ocrx_word' id='word_1_111' title='bbox 801 1615 996 1685; x_wconf 87' lang='lat' dir='ltr'>fortissimos</span> <span class='ocrx_word' id='word_1_112' title='bbox 1027 1617 1125 1688; x_wconf 88' lang='lat' dir='ltr'>duces</span> <span class='ocrx_word' id='word_1_113' title='bbox 1158 1620 1290 1712; x_wconf 79' lang='lat' dir='ltr'>ornavit</span> 
     </span>
    </p>
   </div>
   <div class='ocr_carea' id='block_1_4' title="bbox 166 1716 1288 1796">
    <p class='ocr_par' dir='ltr' id='par_1_6' title="bbox 166 1716 1288 1796">
     <span class='ocr_line' id='line_1_15' title="bbox 166 1716 1288 1796; baseline -0.004 -5"><span class='ocrx_word' id='word_1_114' title='bbox 166 1771 167 1776; x_wconf 25' lang='grc' dir='ltr'>ι</span> <span class='ocrx_word' id='word_1_115' title='bbox 260 1722 435 1796; x_wconf 71' lang='lat' dir='ltr'>Barsines</span> <span class='ocrx_word' id='word_1_116' title='bbox 457 1743 494 1788; x_wconf 83' lang='lat' dir='ltr'>ac</span> <span class='ocrx_word' id='word_1_117' title='bbox 515 1716 676 1788; x_wconf 79' lang='lat' dir='ltr'>Mentoris</span> <span class='ocrx_word' id='word_1_118' title='bbox 694 1717 761 1787; x_wconf 87' lang='lat' dir='ltr'>filia</span> <span class='ocrx_word' id='word_1_119' title='bbox 781 1716 815 1784; x_wconf 90' lang='lat' dir='ltr'>in</span> <span class='ocrx_word' id='word_1_120' title='bbox 836 1719 1077 1786; x_wconf 84' lang='lat' dir='ltr'>matrimonium</span> <span class='ocrx_word' id='word_1_121' title='bbox 1096 1720 1170 1784; x_wconf 84' lang='lat' dir='ltr'>data</span> <span class='ocrx_word' id='word_1_122' title='bbox 1192 1722 1288 1787; x_wconf 88' lang='lat' dir='ltr'>etiam</span> 
     </span>
    </p>
   </div>
   <div class='ocr_carea' id='block_1_5' title="bbox 178 1817 1312 3440">
    <p class='ocr_par' dir='ltr' id='par_1_7' title="bbox 274 1817 1308 2512">
     <span class='ocr_line' id='line_1_16' title="bbox 284 1817 1308 1911; baseline -0.006 -19"><span class='ocrx_word' id='word_1_123' title='bbox 284 1825 405 1892; x_wconf 86' lang='lat' dir='ltr'>finitate</span> <span class='ocrx_word' id='word_1_124' title='bbox 423 1820 486 1888; x_wconf 90' lang='lat' dir='ltr'>sibi</span> <span class='ocrx_word' id='word_1_125' title='bbox 508 1817 730 1903; x_wconf 67' lang='lat' dir='ltr'>coniunxw).</span> <span class='ocrx_word' id='word_1_126' title='bbox 783 1820 898 1909; x_wconf 86' lang='lat' dir='ltr'>Neque</span> <span class='ocrx_word' id='word_1_127' title='bbox 923 1822 965 1885; x_wconf 91' lang='lat' dir='ltr'>ab</span> <span class='ocrx_word' id='word_1_128' title='bbox 992 1823 1056 1888; x_wconf 90' lang='lat' dir='ltr'>hoc</span> <span class='ocrx_word' id='word_1_129' title='bbox 1076 1832 1229 1911; x_wconf 85' lang='lat' dir='ltr'>tempore</span> <span class='ocrx_word' id='word_1_130' title='bbox 1257 1847 1308 1902; x_wconf 75' lang='grc' dir='ltr'>ιιιι,</span> 
     </span>
     <span class='ocr_line' id='line_1_17' title="bbox 285 1914 1303 2016; baseline -0.003 -24"><span class='ocrx_word' id='word_1_131' title='bbox 285 1928 328 1994; x_wconf 91' lang='lat' dir='ltr'>ad</span> <span class='ocrx_word' id='word_1_132' title='bbox 348 1923 566 2016; x_wconf 88' lang='lat' dir='ltr'>propinquam</span> <span class='ocrx_word' id='word_1_133' title='bbox 585 1919 673 2008; x_wconf 83' lang='lat' dir='ltr'>regis</span> <span class='ocrx_word' id='word_1_134' title='bbox 694 1934 832 1988; x_wconf 80' lang='lat' dir='ltr'>mortem</span> <span class='ocrx_word' id='word_1_135' title='bbox 847 1922 1014 1991; x_wconf 75' lang='lat' dir='ltr'>Nearchus</span> <span class='ocrx_word' id='word_1_136' title='bbox 1034 1924 1075 1988; x_wconf 92' lang='lat' dir='ltr'>ah</span> <span class='ocrx_word' id='word_1_137' title='bbox 1096 1914 1166 1989; x_wconf 88' lang='lat' dir='ltr'>eius</span> <span class='ocrx_word' id='word_1_138' title='bbox 1180 1927 1283 1991; x_wconf 89' lang='lat' dir='ltr'>latere</span> <span class='ocrx_word' id='word_1_139' title='bbox 1300 1954 1303 1979; x_wconf 71' lang='grc' dir='ltr'>ι</span> 
     </span>
     <span class='ocr_line' id='line_1_18' title="bbox 285 2019 1304 2117; baseline 0 -25"><span class='ocrx_word' id='word_1_140' title='bbox 285 2051 383 2117; x_wconf 89' lang='lat' dir='ltr'>quam</span> <span class='ocrx_word' id='word_1_141' title='bbox 409 2022 540 2098; x_wconf 84' lang='lat' dir='ltr'>videtur</span> <span class='ocrx_word' id='word_1_142' title='bbox 565 2019 761 2086; x_wconf 84' lang='lat' dir='ltr'>discessisse.</span> <span class='ocrx_word' id='word_1_143' title='bbox 800 2021 927 2090; x_wconf 80' lang='lat' dir='ltr'>Scimus</span> <span class='ocrx_word' id='word_1_144' title='bbox 949 2023 1035 2103; x_wconf 82' lang='lat' dir='ltr'>enim</span> <span class='ocrx_word' id='word_1_145' title='bbox 1063 2037 1095 2090; x_wconf 87' lang='lat' dir='ltr'>et</span> <span class='ocrx_word' id='word_1_146' title='bbox 1115 2024 1304 2092; x_wconf 83' lang='lat' dir='ltr'>Chaldaeo</span> 
     </span>
     <span class='ocr_line' id='line_1_19' title="bbox 284 2117 1304 2216; baseline -0.004 -17"><span class='ocrx_word' id='word_1_147' title='bbox 284 2122 453 2213; x_wconf 69' lang='lat' dir='ltr'>uaticinia,</span> <span class='ocrx_word' id='word_1_148' title='bbox 467 2121 523 2205; x_wconf 15' lang='lat' dir='ltr'>*de</span> <span class='ocrx_word' id='word_1_149' title='bbox 550 2120 644 2203; x_wconf 69' lang='lat' dir='ltr'>fatali</span> <span class='ocrx_word' id='word_1_150' title='bbox 665 2121 845 2210; x_wconf 88' lang='lat' dir='ltr'>Babylonis</span> <span class='ocrx_word' id='word_1_151' title='bbox 870 2117 1004 2190; x_wconf 84' lang='lat' dir='ltr'>inlroitu</span> <span class='ocrx_word' id='word_1_152' title='bbox 1032 2123 1135 2208; x_wconf 77' lang='lat' dir='ltr'>edita,</span> <span class='ocrx_word' id='word_1_153' title='bbox 1163 2152 1231 2216; x_wconf 90' lang='lat' dir='ltr'>per</span> <span class='ocrx_word' id='word_1_154' title='bbox 1260 2130 1304 2194; x_wconf 71' lang='grc' dir='ltr'>Νν</span> 
     </span>
     <span class='ocr_line' id='line_1_20' title="bbox 285 2218 1296 2315; baseline -0.005 -18"><span class='ocrx_word' id='word_1_155' title='bbox 285 2233 382 2298; x_wconf 90' lang='lat' dir='ltr'>chum</span> <span class='ocrx_word' id='word_1_156' title='bbox 409 2250 483 2292; x_wconf 79' lang='lat' dir='ltr'>mam</span> <span class='ocrx_word' id='word_1_157' title='bbox 516 2247 597 2314; x_wconf 74' lang='lat' dir='ltr'>rege</span> <span class='ocrx_word' id='word_1_158' title='bbox 625 2245 697 2288; x_wconf 88' lang='lat' dir='ltr'>esse</span> <span class='ocrx_word' id='word_1_159' title='bbox 719 2218 952 2289; x_wconf 83' lang='lat' dir='ltr'>communicata</span> <span class='ocrx_word' id='word_1_160' title='bbox 965 2226 1013 2307; x_wconf 57' lang='grc' dir='ltr'>Ὗ,</span> <span class='ocrx_word' id='word_1_161' title='bbox 1036 2239 1068 2291; x_wconf 89' lang='lat' dir='ltr'>et</span> <span class='ocrx_word' id='word_1_162' title='bbox 1092 2228 1296 2315; x_wconf 87' lang='lat' dir='ltr'>ephemeridi</span> 
     </span>
     <span class='ocr_line' id='line_1_21' title="bbox 274 2324 1305 2418; baseline 0.003 -26"><span class='ocrx_word' id='word_1_163' title='bbox 274 2329 386 2418; x_wconf 73' lang='lat' dir='ltr'>,regiis</span> <span class='ocrx_word' id='word_1_164' title='bbox 405 2328 474 2416; x_wconf 84' lang='lat' dir='ltr'>(ap.</span> <span class='ocrx_word' id='word_1_165' title='bbox 489 2325 572 2390; x_wconf 76' lang='grc' dir='ltr'>Ἀιτ.</span> <span class='ocrx_word' id='word_1_166' title='bbox 591 2324 676 2415; x_wconf 85' lang='lat' dir='ltr'>Exp.</span> <span class='ocrx_word' id='word_1_167' title='bbox 692 2324 790 2389; x_wconf 83' lang='lat' dir='ltr'>Alex.</span> <span class='ocrx_word' id='word_1_168' title='bbox 813 2324 887 2391; x_wconf 89' lang='lat' dir='ltr'><strong>VII.</strong></span> <span class='ocrx_word' id='word_1_169' title='bbox 912 2350 941 2392; x_wconf 85' lang='lat' dir='ltr'>c.</span> <span class='ocrx_word' id='word_1_170' title='bbox 961 2331 1014 2392; x_wconf 75' lang='lat'>25.</span> <span class='ocrx_word' id='word_1_171' title='bbox 1037 2333 1066 2404; x_wconf 68' lang='lat'>5.</span> <span class='ocrx_word' id='word_1_172' title='bbox 1086 2331 1117 2393; x_wconf 87' lang='grc'>7.</span> <span class='ocrx_word' id='word_1_173' title='bbox 1138 2342 1171 2393; x_wconf 85' lang='lat' dir='ltr'>et</span> <span class='ocrx_word' id='word_1_174' title='bbox 1188 2329 1277 2396; x_wconf 86' lang='lat' dir='ltr'>Plut.</span> <span class='ocrx_word' id='word_1_175' title='bbox 1301 2336 1305 2355; x_wconf 83' lang='lat'>&#39;</span> 
     </span>
     <span class='ocr_line' id='line_1_22' title="bbox 285 2425 1286 2512; baseline 0.006 -18"><span class='ocrx_word' id='word_1_176' title='bbox 285 2433 384 2500; x_wconf 78' lang='lat' dir='ltr'>Alex.</span> <span class='ocrx_word' id='word_1_177' title='bbox 407 2451 434 2494; x_wconf 83' lang='lat' dir='ltr'>o.</span> <span class='ocrx_word' id='word_1_178' title='bbox 457 2425 628 2506; x_wconf 84' lang='lat' dir='ltr'>LXXVI.)</span> <span class='ocrx_word' id='word_1_179' title='bbox 648 2425 820 2508; x_wconf 88' lang='lat' dir='ltr'>docemur,</span> <span class='ocrx_word' id='word_1_180' title='bbox 849 2427 1073 2512; x_wconf 81' lang='lat' dir='ltr'>Alexandrum</span> <span class='ocrx_word' id='word_1_181' title='bbox 1085 2431 1187 2498; x_wconf 72' lang='lat' dir='ltr'>brevi</span> <span class='ocrx_word' id='word_1_182' title='bbox 1208 2449 1286 2500; x_wconf 80' lang='lat' dir='ltr'>ante</span> 
     </span>
    </p>

    <p class='ocr_par' dir='ltr' id='par_1_8' title="bbox 178 2520 1312 3440">
     <span class='ocr_line' id='line_1_23' title="bbox 286 2520 1306 2623; baseline 0.007 -29"><span class='ocrx_word' id='word_1_183' title='bbox 286 2550 435 2623; x_wconf 79' lang='lat' dir='ltr'>prensum</span> <span class='ocrx_word' id='word_1_184' title='bbox 456 2524 544 2596; x_wconf 89' lang='lat' dir='ltr'>diem</span> <span class='ocrx_word' id='word_1_185' title='bbox 566 2539 640 2598; x_wconf 86' lang='lat' dir='ltr'>tum</span> <span class='ocrx_word' id='word_1_186' title='bbox 661 2525 798 2611; x_wconf 82' lang='lat' dir='ltr'>omniuo</span> <span class='ocrx_word' id='word_1_187' title='bbox 817 2528 859 2593; x_wconf 89' lang='lat' dir='ltr'>de</span> <span class='ocrx_word' id='word_1_188' title='bbox 883 2520 981 2596; x_wconf 79' lang='lat' dir='ltr'>rebus</span> <span class='ocrx_word' id='word_1_189' title='bbox 1000 2521 1135 2597; x_wconf 85' lang='lat' dir='ltr'>nauticis</span> <span class='ocrx_word' id='word_1_190' title='bbox 1150 2557 1234 2599; x_wconf 85' lang='lat' dir='ltr'>cum</span> <span class='ocrx_word' id='word_1_191' title='bbox 1258 2537 1287 2601; x_wconf 87' lang='lat' dir='ltr'>N</span> <span class='ocrx_word' id='word_1_192' title='bbox 1293 2568 1306 2591; x_wconf 59' lang='lat' dir='ltr'>a</span> 
     </span>
     <span class='ocr_line' id='line_1_24' title="bbox 230 2620 1312 2723; baseline 0.006 -26"><span class='ocrx_word' id='word_1_193' title='bbox 230 2683 247 2700; x_wconf 82' lang='lat'>.-</span> <span class='ocrx_word' id='word_1_194' title='bbox 287 2635 350 2702; x_wconf 88' lang='lat' dir='ltr'>cho</span> <span class='ocrx_word' id='word_1_195' title='bbox 373 2654 443 2697; x_wconf 87' lang='lat' dir='ltr'>esse</span> <span class='ocrx_word' id='word_1_196' title='bbox 464 2631 686 2717; x_wconf 85' lang='lat' dir='ltr'>colloquutum</span> <span class='ocrx_word' id='word_1_197' title='bbox 713 2643 781 2693; x_wconf 88' lang='lat' dir='ltr'>tum</span> <span class='ocrx_word' id='word_1_198' title='bbox 802 2629 888 2696; x_wconf 88' lang='lat' dir='ltr'>iussa</span> <span class='ocrx_word' id='word_1_199' title='bbox 909 2633 1080 2723; x_wconf 86' lang='lat' dir='ltr'>quaepiam</span> <span class='ocrx_word' id='word_1_200' title='bbox 1099 2634 1141 2699; x_wconf 86' lang='lat' dir='ltr'>da</span> <span class='ocrx_word' id='word_1_201' title='bbox 1166 2620 1312 2704; x_wconf 82' lang='lat' dir='ltr'>imminsl</span> 
     </span>
     <span class='ocr_line' id='line_1_25' title="bbox 285 2727 1312 2825; baseline 0.001 -21"><span class='ocrx_word' id='word_1_202' title='bbox 285 2732 492 2822; x_wconf 81' lang='lat' dir='ltr'>navigatione</span> <span class='ocrx_word' id='word_1_203' title='bbox 513 2730 555 2795; x_wconf 85' lang='lat' dir='ltr'>ad</span> <span class='ocrx_word' id='word_1_204' title='bbox 577 2727 717 2825; x_wconf 60' lang='lat' dir='ltr'>eundem</span> <span class='ocrx_word' id='word_1_205' title='bbox 737 2731 874 2799; x_wconf 88' lang='lat' dir='ltr'>misisse.</span> <span class='ocrx_word' id='word_1_206' title='bbox 917 2733 970 2800; x_wconf 90' lang='lat' dir='ltr'>De</span> <span class='ocrx_word' id='word_1_207' title='bbox 991 2735 1115 2825; x_wconf 86' lang='lat' dir='ltr'>reliqua</span> <span class='ocrx_word' id='word_1_208' title='bbox 1129 2733 1312 2806; x_wconf 79' lang='lat' dir='ltr'>Nearchid</span> 
     </span>
     <span class='ocr_line' id='line_1_26' title="bbox 178 2820 1312 2930; baseline 0.002 -29"><span class='ocrx_word' id='word_1_209' title='bbox 178 2839 181 2845; x_wconf 83' lang='lat'>&#39;</span> <span class='ocrx_word' id='word_1_210' title='bbox 242 2915 247 2927; x_wconf 33' lang='grc'>1</span> <span class='ocrx_word' id='word_1_211' title='bbox 285 2820 362 2930; x_wconf 80' lang='lat' dir='ltr'>post</span> <span class='ocrx_word' id='word_1_212' title='bbox 381 2835 583 2900; x_wconf 87' lang='lat' dir='ltr'>immaturam</span> <span class='ocrx_word' id='word_1_213' title='bbox 604 2830 786 2918; x_wconf 69' lang='lat' dir='ltr'>Alexapdri</span> <span class='ocrx_word' id='word_1_214' title='bbox 798 2848 936 2900; x_wconf 83' lang='lat' dir='ltr'>mortem</span> <span class='ocrx_word' id='word_1_215' title='bbox 951 2836 1142 2925; x_wconf 87' lang='lat' dir='ltr'>paucissima</span> <span class='ocrx_word' id='word_1_216' title='bbox 1155 2863 1270 2929; x_wconf 89' lang='lat' dir='ltr'>neque</span> <span class='ocrx_word' id='word_1_217' title='bbox 1283 2838 1312 2906; x_wconf 77' lang='lat' dir='ltr'>hl</span> 
     </span>
     <span class='ocr_line' id='line_1_27' title="bbox 287 2933 1312 3030; baseline 0.003 -27"><span class='ocrx_word' id='word_1_218' title='bbox 287 2938 419 3030; x_wconf 89' lang='lat' dir='ltr'>quidem</span> <span class='ocrx_word' id='word_1_219' title='bbox 449 2935 489 3000; x_wconf 89' lang='lat' dir='ltr'>eh</span> <span class='ocrx_word' id='word_1_220' title='bbox 518 2933 608 3001; x_wconf 88' lang='lat' dir='ltr'>omni</span> <span class='ocrx_word' id='word_1_221' title='bbox 631 2947 724 3022; x_wconf 89' lang='lat' dir='ltr'>parte</span> <span class='ocrx_word' id='word_1_222' title='bbox 744 2934 809 3024; x_wconf 82' lang='lat' dir='ltr'>fide</span> <span class='ocrx_word' id='word_1_223' title='bbox 829 2935 929 3024; x_wconf 84' lang='lat' dir='ltr'>digua</span> <span class='ocrx_word' id='word_1_224' title='bbox 948 2941 1074 3005; x_wconf 72' lang='lat' dir='ltr'>umeris</span> <span class='ocrx_word' id='word_1_225' title='bbox 1095 2939 1277 3030; x_wconf 74' lang='lat' dir='ltr'>scriptores</span> <span class='ocrx_word' id='word_1_226' title='bbox 1295 2946 1312 3006; x_wconf 81' lang='lat' dir='ltr'>a</span> 
     </span>
     <span class='ocr_line' id='line_1_28' title="bbox 287 3033 1312 3129; baseline 0.001 -23"><span class='ocrx_word' id='word_1_227' title='bbox 287 3041 450 3106; x_wconf 88' lang='lat' dir='ltr'>diderunt.</span> <span class='ocrx_word' id='word_1_228' title='bbox 491 3033 636 3102; x_wconf 88' lang='lat' dir='ltr'>Primum</span> <span class='ocrx_word' id='word_1_229' title='bbox 657 3035 749 3126; x_wconf 83' lang='lat' dir='ltr'>euim·</span> <span class='ocrx_word' id='word_1_230' title='bbox 764 3037 854 3125; x_wconf 90' lang='lat' dir='ltr'>quod</span> <span class='ocrx_word' id='word_1_231' title='bbox 874 3036 1015 3106; x_wconf 82' lang='lat' dir='ltr'>lustinus</span> <span class='ocrx_word' id='word_1_232' title='bbox 1037 3041 1146 3124; x_wconf 83' lang='lat' dir='ltr'><strong>(XIII.</strong></span> <span class='ocrx_word' id='word_1_233' title='bbox 1170 3065 1200 3106; x_wconf 91' lang='lat' dir='ltr'>c.</span> <span class='ocrx_word' id='word_1_234' title='bbox 1214 3047 1269 3129; x_wconf 84' lang='lat'>4.)</span> <span class='ocrx_word' id='word_1_235' title='bbox 1287 3041 1312 3108; x_wconf 79' lang='lat' dir='ltr'>nl</span> 
     </span>
     <span class='ocr_line' id='line_1_29' title="bbox 287 3130 1312 3236; baseline 0.001 -28"><span class='ocrx_word' id='word_1_236' title='bbox 287 3130 386 3220; x_wconf 73' lang='lat' dir='ltr'>ravit,</span> <span class='ocrx_word' id='word_1_237' title='bbox 409 3138 591 3204; x_wconf 86' lang='lat' dir='ltr'>Nearchum</span> <span class='ocrx_word' id='word_1_238' title='bbox 611 3136 644 3201; x_wconf 86' lang='lat' dir='ltr'>in</span> <span class='ocrx_word' id='word_1_239' title='bbox 666 3136 770 3226; x_wconf 88' lang='lat' dir='ltr'>priori</span> <span class='ocrx_word' id='word_1_240' title='bbox 790 3139 1031 3228; x_wconf 87' lang='lat' dir='ltr'>provinciarum</span> <span class='ocrx_word' id='word_1_241' title='bbox 1050 3144 1245 3233; x_wconf 83' lang='lat' dir='ltr'>partitione,¹</span> <span class='ocrx_word' id='word_1_242' title='bbox 1281 3142 1312 3236; x_wconf 84' lang='lat' dir='ltr'>qd</span> 
     </span>
     <span class='ocr_line' id='line_1_30' title="bbox 198 3233 1312 3334; baseline 0.006 -29"><span class='ocrx_word' id='word_1_243' title='bbox 198 3297 204 3305; x_wconf 78' lang='grc'>,</span> <span class='ocrx_word' id='word_1_244' title='bbox 287 3237 443 3330; x_wconf 84' lang='lat' dir='ltr'>Perdicca</span> <span class='ocrx_word' id='word_1_245' title='bbox 468 3248 600 3302; x_wconf 86' lang='lat' dir='ltr'>auctore</span> <span class='ocrx_word' id='word_1_246' title='bbox 620 3233 706 3302; x_wconf 87' lang='lat' dir='ltr'>facta</span> <span class='ocrx_word' id='word_1_247' title='bbox 724 3250 789 3319; x_wconf 88' lang='lat' dir='ltr'>eat,</span> <span class='ocrx_word' id='word_1_248' title='bbox 824 3236 960 3326; x_wconf 86' lang='lat' dir='ltr'>Lyciam</span> <span class='ocrx_word' id='word_1_249' title='bbox 981 3254 1014 3306; x_wconf 86' lang='lat' dir='ltr'>et</span> <span class='ocrx_word' id='word_1_250' title='bbox 1036 3242 1270 3334; x_wconf 89' lang='lat' dir='ltr'>Pamphyliam</span> <span class='ocrx_word' id='word_1_251' title='bbox 1289 3246 1312 3312; x_wconf 80' lang='lat' dir='ltr'>sl</span> 
     </span>
     <span class='ocr_line' id='line_1_31' title="bbox 284 3333 1312 3440; baseline 0.002 -31"><span class='ocrx_word' id='word_1_252' title='bbox 284 3341 379 3409; x_wconf 89' lang='lat' dir='ltr'>titum</span> <span class='ocrx_word' id='word_1_253' title='bbox 406 3361 491 3420; x_wconf 89' lang='lat' dir='ltr'>esse,</span> <span class='ocrx_word' id='word_1_254' title='bbox 532 3337 674 3428; x_wconf 87' lang='lat' dir='ltr'>pessime</span> <span class='ocrx_word' id='word_1_255' title='bbox 701 3337 755 3404; x_wconf 91' lang='lat' dir='ltr'>hic</span> <span class='ocrx_word' id='word_1_256' title='bbox 782 3337 921 3430; x_wconf 85' lang='lat' dir='ltr'>scriptor</span> <span class='ocrx_word' id='word_1_257' title='bbox 947 3364 1009 3432; x_wconf 90' lang='lat' dir='ltr'>pro</span> <span class='ocrx_word' id='word_1_258' title='bbox 1042 3343 1137 3410; x_wconf 86' lang='lat' dir='ltr'>solita</span> <span class='ocrx_word' id='word_1_259' title='bbox 1161 3333 1312 3440; x_wconf 86' lang='lat' dir='ltr'>negliged</span> 
     </span>
    </p>
   </div>
   <div class='ocr_carea' id='block_1_6' title="bbox 291 3438 1311 3490">
    <p class='ocr_par' dir='ltr' id='par_1_9' title="bbox 291 3438 1311 3490">
     <span class='ocr_line' id='line_1_32' title="bbox 291 3438 1311 3490; baseline 0.002 -9"><span class='ocrx_word' id='word_1_260' title='bbox 291 3473 589 3490; x_wconf 79' lang='lat'><em>.-..-.-——--</em></span> <span class='ocrx_word' id='word_1_261' title='bbox 1308 3438 1311 3483; x_wconf 76' lang='lat' dir='ltr'>l</span> 
     </span>
    </p>
   </div>
   <div class='ocr_carea' id='block_1_7' title="bbox 255 3530 1312 3962">
    <p class='ocr_par' dir='ltr' id='par_1_10' title="bbox 255 3530 1312 3962">
     <span class='ocr_line' id='line_1_33' title="bbox 320 3530 1312 3617; baseline 0.012 -25"><span class='ocrx_word' id='word_1_262' title='bbox 320 3532 323 3540; x_wconf 74' lang='grc'><strong>’</strong></span> <span class='ocrx_word' id='word_1_263' title='bbox 390 3530 811 3604; x_wconf 70' lang='lat' dir='ltr'>1)cf.flisr.1nd.²c.xc11.</span> <span class='ocrx_word' id='word_1_264' title='bbox 835 3540 857 3609; x_wconf 71' lang='lat' dir='ltr'>l.</span> <span class='ocrx_word' id='word_1_265' title='bbox 874 3541 901 3596; x_wconf 85' lang='lat'>8.</span> <span class='ocrx_word' id='word_1_266' title='bbox 918 3559 981 3617; x_wconf 84' lang='lat' dir='ltr'>sqq.</span> <span class='ocrx_word' id='word_1_267' title='bbox 1000 3574 1034 3584; x_wconf 97' lang='lat'><em>-</em></span> <span class='ocrx_word' id='word_1_268' title='bbox 1067 3544 1098 3610; x_wconf 85' lang='lat'>2)</span> <span class='ocrx_word' id='word_1_269' title='bbox 1124 3545 1167 3603; x_wconf 82' lang='lat' dir='ltr'>ef.</span> <span class='ocrx_word' id='word_1_270' title='bbox 1195 3549 1266 3605; x_wconf 84' lang='lat' dir='ltr'>Arr.</span> <span class='ocrx_word' id='word_1_271' title='bbox 1288 3553 1312 3615; x_wconf 73' lang='lat' dir='ltr'>Et</span> 
     </span>
     <span class='ocr_line' id='line_1_34' title="bbox 287 3623 1312 3706; baseline 0.009 -26"><span class='ocrx_word' id='word_1_272' title='bbox 287 3626 372 3680; x_wconf 83' lang='lat' dir='ltr'>Alex.</span> <span class='ocrx_word' id='word_1_273' title='bbox 388 3625 452 3693; x_wconf 70' lang='lat' dir='ltr'>NH·</span> <span class='ocrx_word' id='word_1_274' title='bbox 467 3641 490 3680; x_wconf 79' lang='lat' dir='ltr'>c.</span> <span class='ocrx_word' id='word_1_275' title='bbox 509 3625 535 3678; x_wconf 82' lang='lat'>4.</span> <span class='ocrx_word' id='word_1_276' title='bbox 552 3623 574 3691; x_wconf 75' lang='lat'>§-</span> <span class='ocrx_word' id='word_1_277' title='bbox 591 3627 616 3680; x_wconf 83' lang='lat'>9.</span> <span class='ocrx_word' id='word_1_278' title='bbox 636 3634 665 3679; x_wconf 90' lang='lat' dir='ltr'>et</span> <span class='ocrx_word' id='word_1_279' title='bbox 679 3642 704 3678; x_wconf 83' lang='grc' dir='ltr'>ο.-</span> <span class='ocrx_word' id='word_1_280' title='bbox 719 3627 746 3679; x_wconf 82' lang='lat'>5.</span> <span class='ocrx_word' id='word_1_281' title='bbox 764 3625 799 3678; x_wconf 89' lang='lat' dir='ltr'>ad</span> <span class='ocrx_word' id='word_1_282' title='bbox 819 3624 869 3678; x_wconf 87' lang='lat' dir='ltr'>fin.</span> <span class='ocrx_word' id='word_1_283' title='bbox 904 3629 1178 3697; x_wconf 72' lang='lat' dir='ltr'>Hucspcctatetiam</span> <span class='ocrx_word' id='word_1_284' title='bbox 1192 3624 1312 3706; x_wconf 82' lang='lat' dir='ltr'>quodlll</span> 
     </span>
     <span class='ocr_line' id='line_1_35' title="bbox 288 3708 1312 3794; baseline 0.013 -34"><span class='ocrx_word' id='word_1_285' title='bbox 288 3709 351 3763; x_wconf 90' lang='lat' dir='ltr'>lnd.</span> <span class='ocrx_word' id='word_1_286' title='bbox 367 3711 455 3762; x_wconf 73' lang='lat' dir='ltr'>XLII.</span> <span class='ocrx_word' id='word_1_287' title='bbox 469 3708 489 3776; x_wconf 70' lang='lat' dir='ltr'>l.</span> <span class='ocrx_word' id='word_1_288' title='bbox 505 3711 531 3764; x_wconf 82' lang='lat'>9.</span> <span class='ocrx_word' id='word_1_289' title='bbox 551 3709 587 3760; x_wconf 92' lang='lat' dir='ltr'>de</span> <span class='ocrx_word' id='word_1_290' title='bbox 607 3708 698 3764; x_wconf 88' lang='lat' dir='ltr'>aureis</span> <span class='ocrx_word' id='word_1_291' title='bbox 716 3708 829 3764; x_wconf 88' lang='lat' dir='ltr'>coronis</span> <span class='ocrx_word' id='word_1_292' title='bbox 844 3712 973 3765; x_wconf 85' lang='lat' dir='ltr'>Nearcho</span> <span class='ocrx_word' id='word_1_293' title='bbox 986 3713 1173 3780; x_wconf 23' lang='lat' dir='ltr'>etrLeonnato</span> <span class='ocrx_word' id='word_1_294' title='bbox 1187 3733 1204 3769; x_wconf 88' lang='lat' dir='ltr'>a</span> <span class='ocrx_word' id='word_1_295' title='bbox 1217 3717 1312 3794; x_wconf 67' lang='lat' dir='ltr'>rege&#39;q</span> 
     </span>
     <span class='ocr_line' id='line_1_36' title="bbox 287 3792 1312 3878; baseline 0.01 -32"><span class='ocrx_word' id='word_1_296' title='bbox 287 3792 386 3866; x_wconf 84' lang='lat' dir='ltr'>positis</span> <span class='ocrx_word' id='word_1_297' title='bbox 395 3795 529 3861; x_wconf 78' lang='lat' dir='ltr'>narratur,</span> <span class='ocrx_word' id='word_1_298' title='bbox 546 3811 649 3868; x_wconf 82' lang='lat' dir='ltr'>neque,</span> <span class='ocrx_word' id='word_1_299' title='bbox 657 3792 687 3849; x_wconf 91' lang='lat' dir='ltr'>id</span> <span class='ocrx_word' id='word_1_300' title='bbox 696 3793 772 3866; x_wconf 92' lang='lat' dir='ltr'>quod</span> <span class='ocrx_word' id='word_1_301' title='bbox 781 3804 887 3850; x_wconf 84' lang='lat' dir='ltr'>temere</span> <span class='ocrx_word' id='word_1_302' title='bbox 899 3796 1032 3850; x_wconf 87' lang='lat' dir='ltr'>nonnulli</span> <span class='ocrx_word' id='word_1_303' title='bbox 1042 3816 1088 3853; x_wconf 81' lang='lat' dir='ltr'>vv.</span> <span class='ocrx_word' id='word_1_304' title='bbox 1099 3798 1146 3851; x_wconf 91' lang='lat' dir='ltr'>dd.</span> <span class='ocrx_word' id='word_1_305' title='bbox 1159 3811 1226 3854; x_wconf 79' lang='lat' dir='ltr'>sum</span> <span class='ocrx_word' id='word_1_306' title='bbox 1240 3805 1312 3878; x_wconf 71' lang='lat' dir='ltr'>opinl</span> 
     </span>
     <span class='ocr_line' id='line_1_37' title="bbox 255 3871 1312 3962; baseline 0.011 -31"><span class='ocrx_word' id='word_1_307' title='bbox 255 3903 257 3906; x_wconf 95' lang='lat'>·</span> <span class='ocrx_word' id='word_1_308' title='bbox 287 3877 335 3932; x_wconf 89' lang='lat' dir='ltr'>hic</span> <span class='ocrx_word' id='word_1_309' title='bbox 349 3880 428 3932; x_wconf 89' lang='lat' dir='ltr'>locus</span> <span class='ocrx_word' id='word_1_310' title='bbox 443 3877 478 3931; x_wconf 90' lang='lat' dir='ltr'>ad</span> <span class='ocrx_word' id='word_1_311' title='bbox 492 3891 612 3952; x_wconf 86' lang='lat' dir='ltr'>tempus,</span> <span class='ocrx_word' id='word_1_312' title='bbox 627 3897 683 3952; x_wconf 91' lang='lat' dir='ltr'>quo</span> <span class='ocrx_word' id='word_1_313' title='bbox 698 3879 862 3936; x_wconf 79' lang='lat' dir='ltr'>Alexander</span> <span class='ocrx_word' id='word_1_314' title='bbox 871 3899 939 3953; x_wconf 84' lang='lat' dir='ltr'>cum</span> <span class='ocrx_word' id='word_1_315' title='bbox 951 3883 1077 3938; x_wconf 83' lang='lat' dir='ltr'>exercitu</span> <span class='ocrx_word' id='word_1_316' title='bbox 1091 3885 1126 3939; x_wconf 90' lang='lat' dir='ltr'>ad</span> <span class='ocrx_word' id='word_1_317' title='bbox 1143 3871 1312 3962; x_wconf 76' lang='lat' dir='ltr'>Pasitigrinl</span> 
     </span>
    </p>
   </div>
   <div class='ocr_carea' id='block_1_8' title="bbox 287 3961 1312 4102">
    <p class='ocr_par' dir='ltr' id='par_1_11' title="bbox 287 3961 1312 4102">
     <span class='ocr_line' id='line_1_38' title="bbox 288 3961 1312 4032; baseline 0.011 -16"><span class='ocrx_word' id='word_1_318' title='bbox 288 3961 422 4016; x_wconf 85' lang='lat' dir='ltr'>ventabat</span> <span class='ocrx_word' id='word_1_319' title='bbox 431 4001 440 4028; x_wconf 95' lang='lat'>‚</span> <span class='ocrx_word' id='word_1_320' title='bbox 470 3973 512 4018; x_wconf 79' lang='lat' dir='ltr'>est</span> <span class='ocrx_word' id='word_1_321' title='bbox 526 3963 700 4019; x_wconf 83' lang='lat' dir='ltr'>referendus.</span> <span class='ocrx_word' id='word_1_322' title='bbox 717 3991 750 4002; x_wconf 97' lang='lat'>-</span> <span class='ocrx_word' id='word_1_323' title='bbox 782 3965 811 4031; x_wconf 73' lang='grc' dir='ltr'>ὅ)</span> <span class='ocrx_word' id='word_1_324' title='bbox 829 3963 871 4020; x_wconf 84' lang='lat' dir='ltr'>ef.</span> <span class='ocrx_word' id='word_1_325' title='bbox 892 3966 977 4025; x_wconf 88' lang='lat' dir='ltr'>Diod.</span> <span class='ocrx_word' id='word_1_326' title='bbox 995 3969 1091 4026; x_wconf 72' lang='lat' dir='ltr'>xvlls</span> <span class='ocrx_word' id='word_1_327' title='bbox 1109 3987 1134 4026; x_wconf 90' lang='lat' dir='ltr'>c.</span> <span class='ocrx_word' id='word_1_328' title='bbox 1157 3975 1219 4028; x_wconf 83' lang='lat'>112.</span> <span class='ocrx_word' id='word_1_329' title='bbox 1239 3971 1312 4032; x_wconf 82' lang='lat' dir='ltr'>etll</span> 
     </span>
     <span class='ocr_line' id='line_1_39' title="bbox 287 4045 641 4102; baseline 0.006 -2"><span class='ocrx_word' id='word_1_330' title='bbox 287 4045 348 4100; x_wconf 85' lang='lat' dir='ltr'>Vit.</span> <span class='ocrx_word' id='word_1_331' title='bbox 365 4045 450 4101; x_wconf 82' lang='lat' dir='ltr'>Alex.</span> <span class='ocrx_word' id='word_1_332' title='bbox 468 4063 491 4102; x_wconf 78' lang='lat' dir='ltr'>c,</span> <span class='ocrx_word' id='word_1_333' title='bbox 509 4049 641 4102; x_wconf 84' lang='lat' dir='ltr'>Lxxul.</span> 
     </span>
    </p>
   </div>
   <div class='ocr_carea' id='block_1_9' title="bbox 0 0 1331 4242">
    <p class='ocr_par' dir='ltr' id='par_1_12' title="bbox 0 0 1331 4242">
     <span class='ocr_line' id='line_1_40' title="bbox 0 0 1331 4242; baseline 0 0"><span class='ocrx_word' id='word_1_334' title='bbox 0 0 1331 4242; x_wconf 95' lang='lat' dir='ltr'> </span> 
     </span>
    </p>
   </div>
  </div>
 </body>
</html>
