2642 4242
238 364 280 442 uic
304 366 355 433 tut
379 363 417 432 τὸ
446 363 524 432 πολὺ
551 343 737 452 {perdere
770 364 930 454 γεγόνασι,
959 364 1035 434 καθ’
1062 363 1238 454 ὑπερβολὴν
1262 364 1293 434 δὲ

197 466 200 471 ⁴
237 469 408 554 Δηῖμαχος·
435 466 474 533 τὰ
493 466 527 533 di
545 461 671 549 δεύτερα
691 468 772 549 λέγει
792 471 1016 554 Μεγασθένης,
1038 460 1244 553 Ὀνησίκριτός
1263 493 1290 532 τε

235 571 288 638 καὶ
325 572 462 656 Νέαρχος
501 569 554 634 καὶ
574 619 577 624 -
596 563 687 636 ἄλλοι
713 570 993 653 eupaterii-itureae
1036 568 1108 657 ἤδη.
1179 568 1290 646 Contra

235 672 319 738 hanc
339 667 539 742 severiorem
559 691 726 734 censuram
744 665 913 735 verissime
932 665 998 732 iam
1010 666 1199 735 Vincentius
1216 666 1289 738 illud

234 771 374 854 monuit,
396 769 496 858 ¹quae
525 767 693 838 Strabonis
721 780 823 832 aetate
840 766 909 833 'vix
935 768 1107 836 credibilia
1131 769 1289 834 Nearchus

233 867 489 938 narrassevisus
512 881 610 950 esset,
631 865 849 949 recentiorum
865 867 1145 949 observationibus
1165 869 1209 934 ita
1226 893 1289 936 esse

235 971 441 1051 confirmata,
481 972 516 1036 u't
532 969 611 1034 eius
639 968 840 1059 diligentiam
861 983 894 1035 et
911 957 1119 1038 veracitatem
1144 968 1289 1038 admirari

145 1109 174 1166 fis
228 1071 472 1142 tcollaudare
496 1070 722 1167 potiusquam
747 1069 846 1136 fidem
866 1069 1024 1140 infamare
1052 1072 1241 1140 deberemus
1254 1072 1288 1156 ¹).

234 1174 343 1259 Quam
364 1173 535 1262 diligenter
554 1191 634 1240 vero
655 1172 867 1239 Nearchus
839 1195 937 1239 verae
958 1197 997 1239 ac
1022 1173 1167 1241 sincerae
1187 1199 1287 1258 rerum

233 1272 411 1362 narraponi
445 1273 566 1362 ubique
599 1271 776 1354 studuerit,
812 1271 909 1345 etiam
942 1271 1024 1338 ittud
1056 1276 1221 1344 luculento
1248 1289 1288 1350 est

232 1375 437 1456 testimonio,
465 1373 571 1463 quod,
600 1373 657 1442 hbi
678 1372 845 1468 quidpiam
865 1397 931 1441 uou
952 1374 1028 1440 satis
1049 1389 1138 1444 certo
1159 1377 1223 1468 ipsi
1247 1391 1288 1444 est

233 1480 446 1568 exploratum,
459 1500 526 1544 nou
540 1479 646 1545 solum
664 1475 804 1565 ingenue
817 1476 881 1542 hcc
893 1475 1060 1565 professus
1079 1492 1126 1544 est
1140 1480 1199 1564 (cf.
1210 1480 1286 1547 Hist.

231 1581 304 1647 Iud.
330 1579 406 1646 XV.
436 1587 464 1656 §.
488 1579 517 1644 1.
540 1591 571 1643 et
595 1579 627 1643 4.
648 1577 721 1668 XL.
736 1585 764 1654 §.
786 1578 844 1663 9.),
866 1577 925 1644 sed
947 1578 1043 1648 edam
1063 1579 1098 1646 iu
1117 1581 1287 1649 refutandis

188 1724 194 1734 ·
230 1680 444 1752 fabularum
434 1678 562 1795 1neptiis
591 1677 763 1770 plurimam
785 1702 920 1770 operam
939 1679 1058 1769 posuit.
1083 1681 1140 1787 (ci.
1162 1683 1286 1751 ibide.

231 1779 376 1870 XXXI.)
428 1783 474 1852 Ut
493 1785 575 1848 ver‘o
596 1781 762 1846 Nearchus
783 1804 914 1870 quoque
933 1805 1045 1848 rerum
1066 1780 1209 1851 novitate
1235 1785 1285 1852 de-
1306 1788 1308 1889 [

231 1899 342 1974 ceptus
362 1885 516 1952 nonnulla
540 1880 647 1947 minus
673 1905 759 1948 vore
779 1883 964 1975 tradiderit,
975 1885 1125 1952 ‚minime
1145 1863 1308 1977 profecto

230 1984 305 2051 data
326 2006 426 2075 opera
446 1985 515 2064 ille,
545 1997 580 2048 ut
600 1985 700 2071 vulgo
721 1983 908 2071 opinantur,
929 1986 1099 2078 mendacia
1119 2002 1169 2053 est
1192 1988 1286 2054 fabri-

229 2102 332 2168 catus,
370 2086 459 2175 quod
480 2087 633 2152 abhorret
653 2082 751 2149 etiam
771 2084 829 2148 ah
840 2100 969 2153 strenua
989 2111 1086 2176 quam
1112 2115 1174 2180 per
1194 2105 1285 2158 totam

134 2269 139 2283 x
227 2188 328 2258 vitam
348 2211 427 2278 prae
448 2211 483 2252 se
502 2184 573 2252 tulit
592 2181 773 2276 probitate
773 2196 806 2249 et
822 2185 989 2274 gravitate.
1006 2222 1050 2238 -
1121 2269 1147 2283 .-
1229 2237 1233 2244 .

327 2391 358 2456 1)
370 2383 559 2459 Megastheuis
577 2402 691 2458 quoque
708 2382 794 2439 fidem
813 2385 906 2442 minus
923 2405 992 2443 vere
1006 2389 1138 2444 hocloco
1153 2392 1283 2461 perstrin-

228 2470 490 2536 xisseStrabonem,
505 2470 587 2524 docte
599 2468 731 2540 probavit
740 2470 860 2525 Bohlen
878 2472 914 2526 de
924 2475 987 2529 Vet
1000 2475 1062 2528 Iud.
1078 2479 1099 2526 Ι.
1092 2495 1140 2546 ..p
1133 2479 1194 2533 ..75
1209 2478 1280 2531 Idem

228 2575 257 2619 v.
273 2557 300 2611 d.
313 2553 438 2638 pluribus
452 2553 520 2609 locus
536 2551 584 2620 (cf
602 2553 621 2608 1.
640 2569 665 2607 c.
679 2555 700 2604 1
715 2570 743 2622 p
736 2553 800 2607 15
814 2563 842 2607 et
853 2557 896 2610 16
921 2559 956 2612 11
968 2576 995 2628 p.
988 2558 1181 2632 ,52)quaea
1197 2565 1281 2616 Nm.

229 2641 283 2695 cho
302 2626 402 2694 tradita
419 2655 450 2691 su
501 2638 603 2690 velex
623 2634 813 2689 recentiorum
833 2633 1080 2699 observationibus
1099 2647 1147 2700 vel
1165 2663 1202 2700 ex
1218 2645 1279 2718 ipsis

227 2715 364 2779 Iudcrtim
374 2719 471 2793 scripti
500 2729 531 2774 ut
542 2717 691 2777 votissima
702 2717 797 2775 evinci
812 2717 917 2775 docuit
930 2749 965 2761 -

625 3009 889 3039 u*—
956 3029 960 3034 .
