2642 4242
504 137 555 212 3³
648 210 667 222 ,,

8 301 15 326 “
66 302 134 390 γὰρ
166 298 249 388 W
226 322 324 388 ἀιιρηι
337 303 466 388 enm,
498 299 602 368 ascl
569 326 626 428 ιηι
640 299 721 388 πρὸς
742 299 823 399 αὐτῇ
842 301 940 392 χώρην
965 306 1070 374 πᾶσαν
1137 381 1141 388 ,

3 401 105 488 ἢμην
129 427 166 470 τι
186 402 268 470 εἶναι
292 400 387 482 λόγος
419 406 535 490 κατέχει
568 429 621 468 ααι
613 397 759 480 ’“ιι’δατοι
785 406 897 500 ἀπορίῃ
929 409 1070 493 ἔχεσθαι.

5 527 79 567 em
107 501 246 570 Arriani
264 503 355 570 locus
372 503 533 569 luculento
547 514 595 567 est
607 501 809 586 testimonio,
830 528 927 593 quam
941 519 1071 573 strenue

15 605 166 671 sarchus
181 628 263 694 quae
277 605 318 668 ab
329 603 545 670 Alexandro
534 629 569 670 ιιι
583 605 644 670 hac
657 604 862 692 navigatione
874 606 1071 676 instituenda

19 731 100 772 ssus
124 705 337 794 eratubique
355 708 396 771 sit
418 721 622 797 exsequutus.
661 708 824 797 Namque,
854 709 943 798 quod
969 711 1070 781 modo
1132 743 1135 747 ·
1212 742 1215 747 ·

8 809 119 876 'ctum
151 823 218 891 est,
254 809 352 898 quum
375 808 576 876 Onesicritus
603 810 692 898 regis
716 810 878 876 iussorum
899 811 1074 896 immemor

2 946 12 997 2
40 937 116 980 avo
144 908 291 978 imeritus
320 924 408 976 metu
437 911 566 977 territus
590 913 727 977 classem
746 937 764 978 a
785 911 955 1002 proposito
974 937 1071 981 cursu

9 1016 173 1082 eflectere
195 1024 383 1136 conaretur,
411 1011 577 1133 Nearchus
599 1011 717 1078 aorlter
738 1037 813 1077 enm
831 1011 1070 1136 perstringeps‚

10 1118 21 1140 ²
43 1119 130 1205 γὰρ,
156 1111 275 1203 iuquit,
297 1107 344 1180 ilco
363 1113 478 1238 &propin
499 1104 537 1200 ἦν
554 1115 626 1207 πεζῐ
650 1112 908 1201 διασαθῆιαι’
866 1141 966 1180 παιια
986 1114 1070 1200 αὐτῷ

0 1214 272 1302 Αλεξάνδρῳ)
238 1242 294 1282 τοι
323 1215 452 1300 στρατὸν
481 1217 529 1282 ἐπὶ
552 1142 675 1302 τῷδι“’
651 1242 715 1298 ooo
734 1220 886 1337 ἐκπέμψαι
906 1216 960 1291 τὰς
982 1221 1068 1290 ιέας·

25 1320 69 1389 λὰ
99 1320 257 1386 ἐθέλοιτο
284 1313 442 1397 αἰγιαλούς
465 1331 503 1383 ἰε
528 1315 598 1392 τοις
622 1317 719 1383 sard
730 1316 785 1381 τὸν
796 1312 986 1397 παράπλουν
1011 1343 1069 1382 ιια-

1 1421 226 1505 αοιιὲψαοθαι
243 1417 294 1484 καὶ
314 1441 427 1501 ορμοιις
447 1443 498 1484 και
491 1417 653 1502 νησῖδας,
677 1417 728 1480 καὶ
745 1407 829 1492 ιὀιις
842 1413 981 1491 κόλποι
967 1421 1069 1504 εοέχοι
1140 1460 1148 1476 ,

1 1521 225 1606 ’περιπλῶσαι
256 1523 380 1596 τοῦτον,
417 1522 468 1584 καὶ
500 1511 664 1594 πόλιας”
644 1543 717 1583 ocus
744 1514 987 1594 ἐπιθαλάσσιαι,
1015 1521 1070 1586 ιιοιι

1 1627 253 1704 ἴτιςοὲγκορποι
267 1623 306 1704 γῆ
322 1623 375 1684 καὶ
395 1619 424 1684 el
439 1645 484 1694 τις
495 1615 601 1704 ἐρήμη.
612 1653 653 1666 -
688 1615 750 1682 His
761 1630 889 1682 strenue
902 1617 1067 1683 Nearchus

0 1725 232 1810 ,btemperans
250 1743 334 1808 qnae
343 1717 416 1807 regi
428 1717 591 1808 pollicitus
602 1729 670 1782 erat
681 1716 831 1782 omnibus
839 1715 976 1782 feliciter
991 1743 1069 1806 per·

0 1823 130 1890 stratis
149 1821 389 1909 innumerisque
410 1819 575 1886 laboribus
596 1842 633 1883 ao
655 1817 893 1884 difficultatibus
910 1818 1069 1906 superatis

8 1958 14 1983 ι
44 1923 214 2010 Pasitigri
241 1923 373 1988 flumine
391 1922 548 2011 integram
567 1943 604 1990 ao
625 1922 747 1985 salvam
769 1921 903 1984 classem
927 1922 1072 1984 Alexan-

0 2050 51 2091 ιο
76 2023 225 2090 tradidit.
239 2022 270 2106 ¹)
313 2022 420 2106 Quam
436 2013 649 2086 vehementer
670 2032 777 2082 autem
796 2041 856 2082 rex
860 2018 1071 2091 desecando
1145 2033 1148 2038 ’

0 2129 90 2192 nius
128 2123 345 2225 navigationis
379 2111 494 2190 ονιιιιιι
528 2123 660 2184 laetatus
690 2119 731 2182 sit
754 2124 935 2205 quantaque
969 2121 1072 2234 gratia
1106 2133 1109 2139 ’

1 2210 188 2294 ¹sarchum¹
211 2225 363 2292 reducem
391 2219 574 2311 exceperit,
604 2231 678 2293 {non
714 2217 784 2282 sinc
817 2241 943 2282 summa
971 2218 1072 2285 animi

0 2327 214 2396 electatione
233 2326 370 2415 legimus
391 2348 474 2411 quae
496 2319 593 2386 eade
611 2345 648 2386 re
669 2319 757 2409 apud
773 2317 949 2385 Arrianum
965 2320 1070 2435 ο(Ηιει.

1 2433 76 2498 ιιι..
90 2423 491 2507 xxm-XXXIV.)
517 2422 634 2488 tradita
656 2435 738 2488 sunt.
790 2420 899 2489 Classe
921 2420 1008 2486 enim
1028 2421 1072 2488 ad
1265 2414 1269 2415 ⁷

0 2564 4 2573 ·
23 2532 144 2600 namin
164 2530 299 2597 fluvium
319 2529 469 2618 appulsa,
492 2525 583 2606 ouius
604 2524 723 2596 ostium
739 2523 773 2591 in
794 2522 867 2613 ipso
884 2523 1072 2604 Persicisi-

0 2663 51 2704 us
82 2631 219 2700 introitu
247 2627 406 2720 aperitur,
435 2626 600 2691 Nearchus
628 2648 690 2714 per
717 2623 878 2701 Graecum
896 2628 1072 2702 mercena-

7 2741 80 2806 ‘um
104 2735 192 2803 forte
213 2733 342 2801 fortuna
362 2728 397 2794 in
417 2729 467 2792 his
487 2726 681 2815 regionibus
701 2725 905 2792 oberrantem
926 2724 968 2790 de
989 2725 1073 2788 Ale-

11 2839 117 2908 andri
157 2850 188 2901 et
213 2831 373 2900 exercitus
401 2827 560 2898 terrestris
586 2825 861 2916 propinquitate
864 2823 986 2889 certior
1015 2823 1071 2889 fa-

6 2961 62 3010 tus
74 2943 128 3024 ²,)
145 2936 386 3028 ipseunacum
394 2927 517 2996 Archia
539 2926 581 2993 ad
601 2951 713 3016 regem
730 2925 906 3040 profectus,
924 2949 1032 3016 quum
1040 2940 1074 2993 et

0 3067 99 3114 aves
128 3053 162 3106 et
188 3036 298 3128 copias
320 3034 425 3116 salvas
447 3027 489 3096 ad
509 3027 682 3138 Amauidis
703 3026 796 3134 fluvii
816 3026 935 3093 ostium
964 3026 1073 3104 consi-

99 3249 134 3316 1)
154 3244 198 3302 cf.
222 3241 296 3297 Hist.
323 3228 581 3304 lud.‚xu11.§.'7.
599 3263 634 3274 -
667 3236 748 3286 Duae
765 3241 874 3293 tantum
895 3247 985 3285 naves
1001 3233 1071 3286 lou-

1 3353 45 3390 tae
75 3341 106 3386 et
125 3345 258 3386 cercuros
275 3325 427 3396 perierant.
470 3319 512 3375 Cf.
537 3317 607 3372 ibid.
625 3320 733 3370 xxlu.
752 3315 773 3383 l.
789 3319 814 3370 5.
833 3342 868 3352 -
905 3318 932 3380 2)
953 3317 1070 3382 Locum,

16 3440 49 3474 ιο
62 3414 213 3472 Nearchus
226 3408 419 3465 Alexandrum
432 3401 598 3460 convenerit
613 3398 844 3454 norr'accuratius
852 3398 921 3453 licet
933 3397 1080 3451 indicare.-

0 3504 143 3559 liodorus
163 3496 310 3562 (xv11.o.
329 3493 401 3556 106.)
422 3506 518 3560 regern
536 3487 587 3540 illo
606 3487 779 3564 tempore
762 3482 897 3548 inurbe,
919 3482 963 3535 cni
982 3482 1070 3534 Salmi

8 3603 106 3644 omen
126 3587 218 3645 esset,
245 3575 355 3652 degisse
373 3567 520 3644 perbibet,
545 3568 622 3623 unde
647 3547 816 3630 Vincentius
835 3565 966 3632 coniicit,
988 3565 1070 3618 buius
1114 3587 1119 3596 ·
1178 3577 1184 3593 ¹

7 3673 73 3728 rbis
92 3681 204 3723 nomen
221 3679 281 3716 non
300 3658 455 3713 abhorrere
474 3673 491 3711 a
510 3658 590 3720 loco,
615 3651 664 3725 qui
682 3670 758 3705 nunc
772 3654 902 3704 Maaun
919 3649 955 3703 ab
972 3647 1070 3702 orlen-

6 3798 11 3805 .
33 3755 101 3810 ibus
120 3753 310 3819 nuncupetur.
343 3745 389 3796 De
406 3739 469 3794 aliis
481 3733 612 3794 virorum
631 3735 781 3790 doctorum
795 3730 992 3805 opinionibus
997 3732 1070 3795 haud

4 3838 84 3912 agis
105 3831 191 3889 certis
210 3830 246 3886 of
267 3828 331 3883 soh.
359 3814 906 3920 oirst.u10ys2){ist.mexlp..m1
926 3835 993 3872 ann.
1018 3819 1071 3882 15,
1156 3857 1159 3863 ,
1251 3860 1254 3871 ,

0 3923 39 3976 ui
63 3913 277 3982 Alexandriae,
291 3927 363 3988 quae
382 3907 473 3962 iubis
491 3903 657 3976 regionibus
677 3903 794 3958 condita
809 3911 891 3987 esset,
909 3901 1069 3956 Nearchum
