2642 4242
576 283 797 346 ..12-

148 465 234 526 4—5
269 467 302 525 et
324 459 422 533 Diod,
445 464 499 544 46,
534 461 643 546 2-3),
690 462 779 526 Urbe
799 443 994 544 ¹expugnata
1023 457 1214 526 Alexander

147 567 282 668 Herculi
306 569 477 639 sacrificat.

370 713 393 819 ξ
417 719 453 796 2.
510 717 560 797 lle
589 715 787 798 continet
816 663 989 799 arriano.

237 857 318 923 Cum
341 860 485 925 narratio
511 858 550 922 de
571 857 648 942 Tyri
674 858 839 922 obsidione
864 859 948 942 apud
967 858 1117 924 Curtium
1142 881 1216 924 cum

146 965 289 1032 Arriano
314 973 346 1032 et
370 967 516 1031 Diodoro
540 968 573 1030 in
596 966 704 1032 multis
727 967 824 1030 rebus
848 975 1014 1050 congruat,
1045 969 1077 1032 in
1102 991 1216 1051 quaes-

146 1075 233 1139 tione
257 1079 368 1138 nostra
392 1074 554 1143 ordiemur
578 1096 598 1138 a
622 1074 735 1140 Ourtio
764 1081 796 1139 et
820 1096 858 1138 ex
887 1095 924 1138 eo
949 1095 1059 1139 omnes
1085 1098 1139 1140 eas
1162 1097 1216 1140 res

146 1183 386 1264 separabimus,
426 1203 509 1264 quae
547 1204 623 1289 curn
651 1182 793 1248 Arriano
833 1183 874 1246 ad
907 1184 1048 1248 eundum
1086 1184 1210 1250 fontem

147 1296 304 1372 spectant¹
352 1288 435 1354 Sunt
457 1289 490 1352 bi
514 1289 598 1354 loci:

220 1417 244 1485 1)
263 1417 340 1470 Onrt.
353 1417 404 1470 IV.
423 1420 447 1486 2,
467 1417 514 1472 10:
534 1417 650 1472 Cartba-

146 1507 653 1576 giniensinmlegatiadoelebrandrm

147 1615 256 1649 sacrum
275 1597 496 1650 anniversarium
509 1616 586 1651 more
604 1616 652 1666 pa·

147 1687 201 1740 trio
222 1691 288 1738 tunc
308 1690 450 1740 venerant.

218 1774 246 1839 2)
266 1774 344 1827 Gurt.
358 1775 410 1829 lV.
425 1778 449 1842 2,
465 1773 510 1830 17:
531 1776 651 1844 speeiem

116 1893 119 1902 =
147 1863 200 1914 sibi
213 1863 345 1917 Herculis
364 1865 393 1918 in
414 1882 509 1918 somno
529 1867 652 1918 oblatam

147 1969 206 2005 esse
224 1955 390 2020 pronuntiat
412 1955 539 2007 dextram
563 1955 652 2023 porri-

146 2045 251 2111 gentis:
272 2045 320 2096 illo
340 2045 419 2112 duce,
439 2046 488 2098 illo
509 2047 652 2113 aperiente

146 2151 174 2203 in
195 2135 293 2187 urbem
312 2136 417 2188 intrare
438 2153 466 2188 se
485 2136 583 2194 visum,

733 1441 738 1448 ·
781 1419 845 1471 Arr.
859 1417 897 1470 Π.
912 1417 955 1484 24,
968 1415 998 1471 5:
1024 1416 1218 1487 Καρχηδονίων

707 1507 775 1562 τινὲς
794 1509 894 1574 θεωροὶ
913 1504 938 1560 ἐς
956 1505 1053 1572 τιμνὴν
1072 1504 1119 1557 τοῦ
1140 1512 1216 1576 Ηρα-

707 1595 801 1650 altore
813 1594 882 1646 κατὰ
893 1591 925 1660 δή
934 1615 996 1645 τινα
1007 1595 1091 1662 νόμον
1100 1595 1221 1647 παλαιὸν

708 1682 743 1741 εἰς
761 1685 810 1753 τὴν
828 1682 995 1752 μητρόπολιν
1015 1684 1179 1751 ἀφικόμενοι.

778 1779 843 1830 Arr.
853 1775 892 1828 Π.
907 1778 947 1842 18,
961 1776 986 1830 l:
1001 1772 1125 1825 ἕνίνπνιον
1136 1773 1219 1838 αὐτῆς

708 1863 805 1929 ἕκοίνης
832 1861 878 1928 τῆς
905 1862 999 1918 νυκτὸς
1026 1860 1108 1914 ἐδόκει
1139 1861 1221 1917 αὐτὸς

707 1954 756 2021 μὲν
763 1951 798 2018 τῷ
806 1955 883 2018 τείχει
891 1950 1096 2022 προοάγενντῶν
1105 1953 1219 2022 Τυρίων,

708 2043 755 2094 τὸν
786 2041 813 2094 δὲ
840 2042 974 2110 Ἡρακλέα
1006 2041 1161 2104 δεξιοῦσθαί
1192 2063 1223 2093 rs

709 2132 791 2184 αὐτὸν
809 2138 852 2185 καὶ
874 2133 983 2202 ἀνάγειν
1001 2131 1026 2188 ἕο
1045 2131 1095 2199 τὴν
1113 2131 1201 2184 πόλιν.

233 2224 428 2289 Accuratius
453 2225 492 2288 de
517 2247 555 2288 ea
579 2248 613 2290 re
637 2225 715 2289 mibi
734 2223 901 2288 dicendum
923 2232 972 2289 est
991 2225 1024 2287 in
1041 2223 1219 2288 tractanda

145 2331 314 2396 Plutarchi
337 2333 533 2403 narratione.

218 2439 244 2510 3)
266 2439 343 2493 Curt.
363 2440 415 2493 IV.
440 2442 464 2507 2,
484 2438 531 2495 23:
557 2439 651 2508 Igitur

146 2545 195 2580 rex
223 2529 413 2582 munientibus
439 2531 515 2584 coria
533 2533 650 2600 velaque

146 2619 227 2670 iussit
264 2620 388 2688 obtendi,
426 2625 458 2672 ut
489 2625 569 2674 extra
601 2623 651 2675 teli

146 2708 249 2762 iactum
264 2714 362 2776 essent,
377 2709 499 2777 duasque
512 2715 604 2763 turres
619 2729 652 2764 ex

147 2799 238 2866 capite
257 2800 339 2852 molis
358 2801 456 2867 erexit,
476 2801 605 2867 equibus
625 2801 654 2852 in

147 2889 295 2941 subeuntes
326 2889 442 2958 scaphas
475 2889 531 2942 tela
562 2891 652 2958 ingeri

146 2982 267 3046 possent.

706 2441 769 2492 ΑΠ’.
789 2439 828 2493 Π.
850 2441 891 2506 18,
911 2441 939 2493 6:
960 2443 1004 2488 καὶ
1024 2433 1052 2488 οἶ
1063 2433 1222 2491 Μακεδόνες

705 2529 821 2598 πίρμους
833 2527 932 2589 ἐπάνω,
947 2525 994 2578 τοῖν
1006 2528 1132 2594 χύματας
1145 2527 1221 2580 ἑπέσ-

703 2625 789 2685 ’τηοαν
813 2616 860 2670 δύο
885 2660 890 2670 .
916 2658 921 2668 .
946 2616 1167 2685 προκαλύμματα
1193 2619 1222 2670 ‹l‘l

708 2709 857 2779 ὃὲρραςκαὶ
869 2699 1097 2776 διφθέραίαῦτοῖς
1109 2700 1179 2774 ἦσαν
1194 2750 1199 2761 .
1215 2751 1220 2760 .

709 2803 763 2854 τοῖς
780 2819 809 2849 τε
833 2797 1016 2867 ἐργαζομένοις
1038 2797 1173 2866 προβολὴν
1193 2799 1222 2850 ἐν

708 2891 744 2955 τῷ
764 2888 835 2954 αὐτῷ
854 2885 1002 2955 εἶναιπρὸς
1020 2887 1055 2938 τὰ
1067 2886 1222 2955 τοξεύματα

709 2978 765 3047 ἅμα
792 2999 821 3030 re
849 2974 906 3030 ὅσοι
934 2977 1134 3043 προσπλέοντες,
1163 2979 1221 3029 τῶν

710 3070 814 3137 Τυρίων
847 3107 851 3118 .
882 3107 888 3118 .
918 3107 923 3118 .
963 3066 1018 3117 ἀπὸ
1036 3064 1090 3118 τῶν
1108 3066 1221 3135 πύργων

706 3157 874 3228 βαλλόμενοι,

235 3265 390 3331 Narratio
438 3266 526 3351 apud
569 3265 718 3332 Curtium
757 3266 901 3352 paullum
944 3272 1141 3330 commutata
1182 3275 1218 3332 et

146 3380 314 3439 contracta
347 3381 403 3442 est,
449 3374 544 3438 Duae
569 3381 685 3438 ‘turres
719 3375 844 3456 aggeri,
879 3395 943 3459 qua
975 3373 1148 3458 plurimum
1181 3375 1216 3437 in

146 3504 234 3546 mare
267 3481 444 3568 productus
476 3487 555 3563 erat,
587 3483 797 3566 imponuntur
829 3481 1059 3564 machinasque
1090 3481 1128 3544 iis
1153 3477 1218 3544 dis·

146 3596 319 3674 ponuntur.
367 3587 465 3652 Coria
499 3593 531 3651 et
553 3589 652 3673 pelles
677 3590 714 3651 iis
740 3595 832 3652 erant
856 3589 1018 3669 tegimine,
1054 3594 1089 3652 ut
1112 3608 1218 3673 neque

146 3695 317 3760 missilibus
342 3717 362 3759 a
384 3717 475 3760 mure
497 3698 563 3781 peti
579 3704 712 3780 possent
735 3703 767 3760 et
783 3697 830 3775 iis,
856 3696 911 3780 qui
929 3697 963 3759 in
981 3717 1078 3780 opere
1097 3698 1219 3760 consti·

146 3804 208 3866 tuti
256 3808 356 3884 erant,
402 3803 562 3887 praesidio
604 3803 756 3867 adversus
798 3803 937 3867 telorum
978 3805 1059 3868 ictus
1100 3810 1216 3873 essent.

148 3907 182 3997 4)
215 3907 306 3978 Ourt.
346 3908 407 3981 IV,
452 3914 571 3992 3,2-4
604 3918 636 3980 et
668 3908 745 3977 Arr.
780 3910 829 3980 Π,
862 3914 1013 3995 lar-5.
1069 3910 1217 4002 Uterque
