2642 4242
588 148 763 201 -12-

117 326 193 389 sine
216 326 426 389 necessitate
444 322 753 403 contemnendum,
789 343 811 388 a
825 324 1014 388 Plutarcho
1041 326 1120 406 ipso
1144 344 1240 389 men-

117 460 193 505 sem
199 442 474 520 Macedonicum,
488 459 593 522 quem
605 442 774 521 scriptum
786 442 921 505 invenit
932 440 1239 522 apudHegesiam,

118 567 359 639 comparatum
388 576 466 621 esse
497 575 576 621 cum
605 557 914 621 Hecatombaeone
937 558 1109 622 existimo,
1144 559 1241 639 quod

116 676 257 756 quidem
280 674 489 754 Droysenus
512 693 583 736 non
605 673 718 736 Loum
742 674 805 737 sed
833 672 940 752 Dium
974 674 1131 738 vindicat
1156 673 1238 737 Ale-

117 790 252 854 xandro
268 792 431 870 natalem,
455 808 580 871 parum
595 788 817 853 manifestam
834 808 913 853 esse
929 790 1238 854 Macedonicorum

117 908 287 970 fastorum
310 916 482 986 naturam,
512 915 551 970 ut
574 925 619 969 ex
642 906 711 969 illis
734 905 939 986 Aristobuli,
964 907 1090 987 quibus
1115 907 1238 970 tribuit

117 1024 224 1087 aetati
247 1023 392 1103 triginta
415 1022 503 1085 duos
533 1040 653 1102 annos
690 1040 830 1085 menses
859 1031 940 1086 octo
963 1021 1032 1085 Dio
1060 1023 1096 1085 in
1126 1023 1237 1086 vitam

117 1140 258 1203 venisse
276 1157 399 1219 regem
417 1139 579 1201 concludi
596 1148 719 1219 posset
736 1138 838 1201 facile
857 1139 972 1219 quivis
995 1140 1176 1202 concedet.
1199 1180 1234 1188 -

117 1255 256 1333 Sextus
277 1256 351 1318 dies
374 1254 439 1317 Loi
468 1255 549 1317 anni
577 1256 642 1318 356
672 1255 748 1317 sive
778 1254 853 1317 dies
882 1255 1011 1318 natalis
1039 1254 1237 1318 Alexandri

117 1372 255 1438 cuinam
278 1370 491 1451 respondeat
522 1371 589 1433 diei
612 1370 773 1434 Romano
796 1370 867 1433 iam
895 1378 1168 1450 perscrutemur.
1198 1412 1234 1419 -

223 1486 319 1550 Anni
331 1487 424 1568 apud
439 1487 651 1550 Macedones
669 1486 852 1549 ordinandi
878 1487 1051 1549 rationem
1073 1489 1235 1570 quamvis

117 1604 256 1683 penitus
296 1622 366 1666 non
406 1621 668 1683 pernoscamus
714 1611 831 1667 tamen
866 1603 1033 1682 temporis
1063 1605 1235 1666 calculum

118 1720 328 1783 subductum
358 1738 436 1783 esse
466 1719 511 1783 ad
539 1722 643 1782 lunae
674 1736 798 1782 cursus
822 1720 897 1782 sine
921 1720 992 1781 ulla
1021 1719 1235 1783 dubitatione

118 1836 186 1898 dici
219 1844 336 1916 potest
385 1835 519 1918 (Ideler,
555 1836 693 1899 Handb.
730 1836 793 1898 der
827 1835 1064 1916 Chronologie
1098 1835 1113 1898 1
1149 1837 1233 1918 395).

118 1954 345 2032 quamobrem
383 1942 419 2014 in
456 1952 685 2015 terminandis
720 1953 899 2014 mensibus
933 1970 1107 2014 novarum
1143 1954 1235 2015 luna-

117 2085 204 2147 rum,
252 2088 273 2130 a
307 2069 433 2149 quibus
472 2068 643 2132 mensium
679 2067 985 2131 Macedonicorum
1030 2069 1128 2132 initia
1166 2087 1235 2133 non

117 2185 264 2247 multum
288 2184 488 2263 discrepare
512 2193 710 2264 potuerunt,
735 2185 906 2247 rationem
929 2185 1062 2247 habere
1085 2197 1234 2247 commo-

117 2301 199 2363 dum
223 2300 297 2362 erit.
326 2341 362 2347 -
389 2300 454 2363 His
479 2301 657 2381 expositis,
682 2300 795 2363 Loum
819 2301 900 2363 anni
924 2301 1000 2379 356,
1031 2318 1112 2363 cum
1134 2302 1236 2363 brevi

116 2423 195 2497 post
225 2402 326 2479 ludos
356 2414 559 2496 Olympieos
589 2418 634 2480 sit
664 2416 899 2495 collocandus
929 2416 1133 2479 inchoatum
1157 2435 1235 2479 esse

116 2533 175 2595 illo
200 2532 265 2611 die,
290 2550 359 2613 quo
382 2550 497 2595 novae
521 2534 625 2595 lunae
650 2533 801 2596 circulus
818 2533 933 2595 denuo
950 2534 1049 2596 coelo
1073 2533 1236 2614 apparuit

117 2658 196 2728 post
229 2648 457 2729 plenilunium
481 2648 697 2729 Septembris
720 2666 785 2729 pro
809 2658 906 2713 certo
940 2649 1143 2712 habendum
1173 2658 1233 2712 est.

117 2766 239 2845 quales
263 2774 346 2827 tunc
370 2764 498 2828 fuerint
521 2766 624 2828 lunae
648 2764 742 2827 modi
765 2766 917 2845 benigne
940 2766 1096 2828 numeris
1120 2784 1234 2846 perse-

118 2889 219 2943 cutus
244 2889 298 2943 est
314 2880 532 2944 Schoenfeld.
562 2881 592 2943 is
617 2882 710 2944 enim
732 2881 796 2943 ita:
822 2882 887 2944 356
911 2880 990 2943 sind
1013 2881 1234 2944 wahreNeu-

117 2995 243 3059 monde
268 2997 485 3076 eingetreten
509 2995 602 3076 Sept.
632 2998 668 3059 11
693 2996 752 3077 jul.
767 2995 918 3059 Datums
946 2997 986 3059 10
1001 2996 1078 3060 Uhr
1089 2996 1234 3060 Abends

117 3112 296 3175 macedon.
323 3112 397 3175 Zeit
421 3113 491 3175 und
509 3112 664 3175 Oktober
692 3113 727 3175 11
752 3111 811 3192 jul.
830 3111 981 3175 Datums
996 3112 1018 3175 2
1033 3112 1109 3176 Uhr
1125 3111 1234 3176 Nach-

117 3230 269 3309 mittags
318 3228 380 3290 Bei
415 3229 541 3291 beiden
576 3230 621 3291 ist
660 3229 716 3291 die
751 3228 986 3292 Sichtbarkeit
1021 3228 1084 3291 der
1119 3228 1233 3293 Sichel

117 3345 208 3408 nach
232 3344 312 3407 dem
327 3344 511 3408 Neumond
535 3346 631 3408 nicht
655 3345 855 3408 sonderlich
878 3345 1032 3426 gilnstig,
1058 3344 1151 3409 denn
1175 3345 1234 3408 der

117 3461 224 3524 Mond
253 3460 404 3524 entfemt
433 3461 508 3524 sich
536 3479 603 3524 nur
631 3463 793 3543 langsam
822 3480 893 3524 von
922 3461 985 3524 der
1013 3460 1131 3525 Sonne
1166 3462 1233 3524 und

118 3578 202 3657 geht
225 3578 316 3640 nach
333 3577 459 3641 Sliden.
500 3577 549 3641 Es
573 3578 618 3640 ist
642 3579 718 3640 also
741 3578 788 3640 im
804 3577 1011 3657 September
1027 3577 1124 3640 nicht
1141 3585 1232 3657 mdg-

117 3692 187 3755 lich
210 3709 386 3772 gewesen,
418 3693 472 3755 die
496 3692 714 3756 Mondsichel
744 3711 809 3755 vor
832 3693 926 3772 Sept.
955 3694 994 3756 13
1018 3692 1167 3757 Abends
1193 3711 1233 3755 zu

119 3807 237 3869 seben.
284 3807 458 3888 Dagegen
482 3808 570 3871 wird
594 3827 633 3872 es
657 3783 719 3870 {ur
742 3808 812 3872 Not
835 3808 991 3873 Oktober
1018 3808 1058 3871 12
1081 3808 1233 3889 mdglicb

82 3938 91 3953 ·
119 3938 285 4001 gewesen
302 3923 387 4000 sein,
411 3924 482 3986 viel
496 3924 830 3987 wahrscheinlicher
846 3926 931 3986 aber
946 3925 993 3987 ist
1009 3923 1167 3987 Oktober
1186 3925 1231 3987 13.

20 4140 94 4227 X

121 4052 210 4114 quae
228 4053 307 4097 cum
322 4037 370 4100 ita
386 4038 465 4117 sint,
481 4040 512 4101 si
529 4038 670 4119 quidem
680 4038 829 4119 Philippi
844 4040 1059 4119 temporibus
1072 4049 1233 4103 accurate
