2642 4242
535 280 672 337 --49
721 312 763 323 ..

106 453 149 519 de
183 476 282 519 causa
323 454 460 519 historia
492 454 533 519 de
566 454 798 537 Abdalonymo
828 451 916 535 apud
939 451 1031 517 illum
1054 454 1187 519 uberius

107 570 292 642 enarratur,
325 561 402 624 dum
435 564 586 626 narratio
614 562 654 627 do
688 560 854 625 obsidione
887 560 965 642 Tyri
996 561 1187 625 brevissima

106 678 167 736 est.
216 667 308 744 Quae
334 670 488 733 'Iustinus
529 669 568 734 de
599 670 660 733 hac
694 691 728 733 re
761 670 934 733 memoriae
966 668 1101 733 tradidit
1134 670 1183 735 his
1233 664 1236 676 '

105 778 186 843 locis
212 800 284 843 cum
309 775 423 843 Curtio
448 769 639 860 congruunt.

183 885 207 954 l)
221 885 292 942 Iust.
305 880 359 939 XI.
369 884 412 953 10,
425 888 458 939 10
470 885 618 956 Tyriorum

106 977 207 1028 civitas
228 992 293 1028 cum
312 990 447 1027 coronam
466 992 580 1028 auream
594 1012 618 1029 ‚.

105 1083 159 1134 per
176 1065 285 1133 legatos
305 1105 310 1115 .
327 1104 355 1118 ..
371 1107 378 1118 .
394 1063 525 1131 misisset,
537 1070 618 1133 grate

104 1172 227 1208 munere
251 1157 369 1222 accepto
388 1146 494 1221 Tyrum
522 1171 551 1207 se
577 1154 618 1207 ire

105 1246 181 1298 velle
200 1244 235 1298 ad
254 1249 321 1297 vota
336 1242 455 1295 Herculi
475 1243 617 1296 reddenda

106 1334 191 1388 dixit.
514 1398 519 1409 Ι

179 1422 252 1475 lust.
270 1420 323 1475 XI.
343 1422 386 1487 lu,
403 1422 433 1473 ll
448 1420 518 1475 Cum
531 1422 617 1488 legati

105 1514 214 1567 rectius
240 1512 271 1565 id
293 1529 359 1565 eum
376 1509 451 1578 Tyro
474 1516 570 1565 vetere
589 1515 617 1563 et

106 1603 267 1670 antiquiore
291 1601 397 1665 templo
416 1600 556 1653 lucturum
575 1600 616 1653 di-

107 1697 217 1759 cerent,
236 1692 422 1759 deprecantes
441 1689 502 1742 eius
519 1690 619 1743 introi-

105 1781 177 1848 t'um,
206 1781 247 1833 ita
275 1780 389 1845 exarsit,
418 1783 450 1831 ut
477 1779 541 1831 urbi
573 1796 620 1831 ex·

746 883 822 936 Ourt.
857 882 908 936 IV.
940 885 969 949 2,
999 885 1016 936 9
1047 884 1184 939 Coronam

665 971 763 1042 'igitur
781 990 894 1027 auream
916 973 1020 1025 donum
1037 974 1123 1043 legati
1137 975 1184 1027 ad-

673 1062 826 1115 serebant.
851 1103 855 1114 .
879 1104 885 1115 .
905 1103 912 1115 .
933 1060 986 1115 Ille
1006 1063 1079 1115 dona
1099 1069 1130 1115 ut
1149 1064 1183 1116 ab

674 1152 770 1205 amieis
798 1152 888 1220 accipi
907 1138 990 1203 mssa
1008 1153 1186 1221 benigneque

673 1242 781 1309 legatos
801 1237 948 1295 adlocutus
962 1238 1081 1293 Herculi
1101 1244 1185 1297 sacri·

676 1330 759 1385 ficare
778 1331 851 1385 velle
871 1348 900 1383 se
920 1331 1001 1385 dixit.
1064 1385 1066 1390 ,

745 1420 823 1475 Ourt,
844 1418 898 1473 IV.
923 1421 948 1481 2,
968 1424 993 1473 4.
1024 1421 1122 1491 Legati
1143 1441 1185 1477 re·

673 1510 819 1578 spondent,
831 1526 890 1563 esse
905 1511 1042 1577 templum
1051 1510 1186 1565 Herculis

676 1605 755 1653 extra
775 1600 873 1651 urbem
893 1600 922 1651 in
943 1617 976 1651 ea
996 1600 1075 1669 sede,
1102 1620 1184 1669 quam

674 1688 844 1756 Palaetyron
854 1688 907 1755 ipsi
915 1692 1028 1743 vocent:
1040 1690 1079 1743 ibi
1090 1708 1184 1758 regem

676 1779 727 1831 deo
748 1777 929 1831 sacrumrite
949 1777 1098 1831 facturum.
1131 1780 1183 1845 §a

676 1884 733 1921 non
752 1867 845 1920 tenuit
864 1868 935 1919 iram
955 1908 960 1917 .
982 1908 988 1919 .
1009 1908 1014 1919 .
1036 1873 1084 1920 aut
1097 1870 1185 1922 intra-

675 1963 771 2009 turum
806 1974 849 2009 me
884 1955 983 2009 urbem
1018 1962 1067 2010 aut
1097 1976 1186 2027 oppu-

675 2050 835 2114 gnaturum.
1150 2030 1161 2051 ⁰

198 2135 362 2221 Gronau)
395 2134 702 2225 etPetersd01·ff⁹³)
736 2144 852 2221 putant
886 2136 945 2201 hos
979 2137 1067 2202 locos
1097 2139 1185 2221 apud

106 2245 256 2311 Curtium
291 2253 323 2307 et
346 2243 508 2332 Iustinum
534 2243 576 2309 ad
601 2244 738 2308 eundem
762 2243 884 2308 fontem
908 2243 1055 2320 latinnm,
1088 2245 1187 2309 Pom-

103 2352 215 2434 peium
248 2350 410 2431 Trogum,
447 2359 603 2433 spectare,
658 2351 774 2433 Neque
807 2362 917 2418 tamen
951 2332 1078 2416 tantum
1111 2375 1185 2417 con·

106 2480 239 2523 sensum
261 2457 432 2521 verborum
457 2460 646 2539 invenimus
672 2467 707 2523 ut
731 2458 789 2523 hos
813 2460 901 2523 locos
927 2448 969 2524 ad
992 2458 1183 2543 Pompeium

106 2564 256 2647 Torgum
289 2586 443 2631 revocare
476 2566 645 2648 possimus.
699 2562 784 2631 Sane
816 2566 960 2631 Orohnio
997 2574 1028 2630 et
1060 2570 1187 2631 Peters-

106 2671 228 2737 dorffio
261 2673 502 2738 concedendum
535 2680 584 2737 est
619 2679 794 2755 utrumque
827 2682 993 2739 auctorem
1020 2673 1076 2736 -his
1105 2674 1184 2737 locis

106 2780 226 2855 mirum
251 2781 284 2843 in
307 2780 439 2844 modum
464 2801 650 2862 congruere,
685 2780 741 2843 sed
764 2762 848 2845 hanc
872 2781 1114 2871 consensionem
1137 2782 1187 2844 ita

107 2887 289 2951 rectissime
323 2888 492 2971 explanari
523 2895 619 2971 puto,
654 2895 690 2951 ut
714 2885 860 2953 Curtium
895 2896 926 2953 et
950 2890 1109 2952 Iustinum
1142 2886 1183 2951 ad

109 2992 250 3077 eundem
280 2993 404 3058 fontem
430 2993 594 3059 Graecum
623 2990 770 3077 spectare
795 3018 991 3067 censeamus,
1039 2996 1083 3059 Ut
1107 2995 1184 3058 mihi

107 3098 240 3183 quidem
263 3101 390 3165 videtur
421 3101 454 3165 hi
485 3103 556 3168 loci
584 3106 711 3168 minime
734 3103 821 3166 illam
846 3104 1039 3167 sententiam
1063 3100 1184 3166 Crohni

107 3215 144 3271 et
159 3201 380 3291 Petersdorlfi,
388 3210 536 3275 Curtium
551 3209 709 3293 Pompeio
724 3208 831 3292 Trogo
849 3232 942 3273 usum
957 3231 1027 3275 esse
1036 3209 1182 3291 probant.

107 3313 247 3394 Cetaria,
273 3337 357 3397 quae
382 3316 470 3399 apud
493 3317 655 3381 Iustinum
680 3326 814 3381 narrata
837 3326 921 3399 sunt,
945 3318 979 3379 in
997 3317 1185 3397 quaestione

107 3430 224 3486 nostra
248 3423 294 3486 uti
318 3444 383 3486 non
407 3443 587 3505 possumus,
613 3426 674 3487 nisi
697 3424 781 3487 forte
806 3423 932 3505 singula
955 3422 1123 3505 quaedam,
1149 3429 1185 3486 ut

108 3536 199 3593 recte
222 3530 468 3613 perspiciantur,
500 3530 630 3595 uberius
654 3530 828 3595 tractanda
852 3538 937 3610 sunt,
971 3535 1008 3592 ut
1032 3528 1186 3609 exemplis

105 1869 214 1923 cidium
232 1870 390 1923 minaretur

183 3812 215 3883 ⁹²)
236 3816 363 3871 Orohn:
384 3818 413 3869 iu
433 3818 497 3869 diss.
518 3835 544 3885 p.
565 3819 607 3889 3³⁹²·

182 3904 216 3973 93)
236 3905 474 3961 Petersdorff:
494 3905 567 3959 Eine
586 3924 656 3959 neue
677 3905 867 3973 Hauptquelle
888 3908 940 3957 etc.
960 3922 987 3972 p.
1007 3902 1030 3955 8.

1004 4014 1022 4061 4
