<?xml version="1.0" encoding="UTF-8"?>
<!DOCTYPE html PUBLIC "-//W3C//DTD XHTML 1.0 Transitional//EN"
    "http://www.w3.org/TR/xhtml1/DTD/xhtml1-transitional.dtd">
<html xmlns="http://www.w3.org/1999/xhtml" xml:lang="en" lang="en">
 <head>
  <title>
</title>
<meta http-equiv="Content-Type" content="text/html;charset=utf-8" />
  <meta name='ocr-system' content='tesseract 3.04.00' />
  <meta name='ocr-capabilities' content='ocr_page ocr_carea ocr_par ocr_line ocrx_word'/>
</head>
<body>
  <div class='ocr_page' id='page_1' title='image "./commentationisd00geiegoog_0099.png"; bbox 0 0 2642 4242; ppageno 0'>
   <div class='ocr_carea' id='block_1_1' title="bbox 582 289 802 351">
    <p class='ocr_par' dir='ltr' id='par_1_1' title="bbox 582 289 802 351">
     <span class='ocr_line' id='line_1_1' title="bbox 582 289 802 351; baseline -0.009 -17"><span class='ocrx_word' id='word_1_1' title='bbox 582 289 802 351; x_wconf 70' lang='lat'>..41-</span> 
     </span>
    </p>
   </div>
   <div class='ocr_carea' id='block_1_2' title="bbox 149 456 1225 3682">
    <p class='ocr_par' dir='ltr' id='par_1_2' title="bbox 149 456 1225 3682">
     <span class='ocr_line' id='line_1_2' title="bbox 151 456 1220 550; baseline -0.007 -18"><span class='ocrx_word' id='word_1_2' title='bbox 151 466 254 532; x_wconf 90' lang='lat' dir='ltr'><strong>modo</strong></span> <span class='ocrx_word' id='word_1_3' title='bbox 278 465 391 550; x_wconf 90' lang='lat' dir='ltr'><strong>spatiis</strong></span> <span class='ocrx_word' id='word_1_4' title='bbox 413 466 587 532; x_wconf 89' lang='lat' dir='ltr'><strong>interiectis</strong></span> <span class='ocrx_word' id='word_1_5' title='bbox 614 466 828 545; x_wconf 86' lang='lat' dir='ltr'><strong>inveniuntur,</strong></span> <span class='ocrx_word' id='word_1_6' title='bbox 837 462 881 548; x_wconf 83' lang='grc'><strong>80)</strong></span> <span class='ocrx_word' id='word_1_7' title='bbox 915 463 947 526; x_wconf 95' lang='lat' dir='ltr'><strong>in</strong></span> <span class='ocrx_word' id='word_1_8' title='bbox 971 460 1156 526; x_wconf 74' lang='lat' dir='ltr'><strong>narratione</strong></span> <span class='ocrx_word' id='word_1_9' title='bbox 1181 456 1220 524; x_wconf 88' lang='lat' dir='ltr'><strong>de</strong></span> 
     </span>
     <span class='ocr_line' id='line_1_3' title="bbox 153 567 1223 657; baseline -0.009 -17"><span class='ocrx_word' id='word_1_10' title='bbox 153 575 324 640; x_wconf 81' lang='lat' dir='ltr'>obsidione</span> <span class='ocrx_word' id='word_1_11' title='bbox 341 573 418 657; x_wconf 79' lang='lat' dir='ltr'><strong>Tyri</strong></span> <span class='ocrx_word' id='word_1_12' title='bbox 440 575 563 639; x_wconf 88' lang='lat' dir='ltr'><strong>mireris</strong></span> <span class='ocrx_word' id='word_1_13' title='bbox 588 572 718 638; x_wconf 88' lang='lat' dir='ltr'><strong>easdem</strong></span> <span class='ocrx_word' id='word_1_14' title='bbox 742 594 793 636; x_wconf 88' lang='lat' dir='ltr'><strong>res</strong></span> <span class='ocrx_word' id='word_1_15' title='bbox 810 570 898 636; x_wconf 89' lang='lat' dir='ltr'><strong>haud</strong></span> <span class='ocrx_word' id='word_1_16' title='bbox 922 591 1039 652; x_wconf 84' lang='lat' dir='ltr'><strong>magno</strong></span> <span class='ocrx_word' id='word_1_17' title='bbox 1056 567 1223 634; x_wconf 83' lang='lat' dir='ltr'><strong>intervallo</strong></span> 
     </span>
     <span class='ocr_line' id='line_1_4' title="bbox 151 676 1224 758; baseline -0.007 -12"><span class='ocrx_word' id='word_1_18' title='bbox 151 683 206 746; x_wconf 88' lang='lat' dir='ltr'><strong>his</strong></span> <span class='ocrx_word' id='word_1_19' title='bbox 237 688 395 747; x_wconf 87' lang='lat' dir='ltr'><strong>tractatas</strong></span> <span class='ocrx_word' id='word_1_20' title='bbox 428 683 571 751; x_wconf 81' lang='lat' dir='ltr'><strong>inveniri.</strong></span> <span class='ocrx_word' id='word_1_21' title='bbox 622 679 713 746; x_wconf 82' lang='lat' dir='ltr'><strong>Solet</strong></span> <span class='ocrx_word' id='word_1_22' title='bbox 746 686 853 744; x_wconf 85' lang='lat' dir='ltr'><strong>autem</strong></span> <span class='ocrx_word' id='word_1_23' title='bbox 877 677 1053 758; x_wconf 71' lang='lat' dir='ltr'><strong>Diodorus</strong></span> <span class='ocrx_word' id='word_1_24' title='bbox 1092 683 1129 740; x_wconf 92' lang='lat' dir='ltr'><strong>ut</strong></span> <span class='ocrx_word' id='word_1_25' title='bbox 1160 676 1224 740; x_wconf 89' lang='lat' dir='ltr'><strong>iam</strong></span> 
     </span>
     <span class='ocr_line' id='line_1_5' title="bbox 151 784 1223 871; baseline -0.008 -17"><span class='ocrx_word' id='word_1_26' title='bbox 151 790 321 855; x_wconf 84' lang='lat' dir='ltr'><strong>Broecker</strong></span> <span class='ocrx_word' id='word_1_27' title='bbox 338 790 536 870; x_wconf 85' lang='lat' dir='ltr'><strong>memoravit,</strong></span> <span class='ocrx_word' id='word_1_28' title='bbox 563 796 595 854; x_wconf 91' lang='lat' dir='ltr'><strong>et</strong></span> <span class='ocrx_word' id='word_1_29' title='bbox 611 789 738 871; x_wconf 84' lang='lat' dir='ltr'><strong>singula</strong></span> <span class='ocrx_word' id='word_1_30' title='bbox 755 785 916 871; x_wconf 85' lang='lat' dir='ltr'><strong>quaedam</strong></span> <span class='ocrx_word' id='word_1_31' title='bbox 934 784 1032 850; x_wconf 88' lang='lat' dir='ltr'><strong>verba</strong></span> <span class='ocrx_word' id='word_1_32' title='bbox 1056 791 1088 847; x_wconf 86' lang='lat' dir='ltr'><strong>et</strong></span> <span class='ocrx_word' id='word_1_33' title='bbox 1112 803 1223 846; x_wconf 90' lang='lat' dir='ltr'><strong>narra-</strong></span> 
     </span>
     <span class='ocr_line' id='line_1_6' title="bbox 152 888 1224 977; baseline -0.009 -15"><span class='ocrx_word' id='word_1_34' title='bbox 152 899 261 964; x_wconf 88' lang='lat' dir='ltr'><strong>tiones</strong></span> <span class='ocrx_word' id='word_1_35' title='bbox 284 897 397 962; x_wconf 88' lang='lat' dir='ltr'><strong>iisdem</strong></span> <span class='ocrx_word' id='word_1_36' title='bbox 421 897 489 962; x_wconf 83' lang='lat' dir='ltr'><strong>lere</strong></span> <span class='ocrx_word' id='word_1_37' title='bbox 523 897 570 961; x_wconf 86' lang='lat' dir='ltr'><strong>vel</strong></span> <span class='ocrx_word' id='word_1_38' title='bbox 602 895 758 960; x_wconf 85' lang='lat' dir='ltr'><strong>similibus</strong></span> <span class='ocrx_word' id='word_1_39' title='bbox 789 893 892 957; x_wconf 87' lang='lat' dir='ltr'><strong>verbis</strong></span> <span class='ocrx_word' id='word_1_40' title='bbox 925 899 1082 977; x_wconf 80' lang='lat' dir='ltr'><strong>repetere,</strong></span> <span class='ocrx_word' id='word_1_41' title='bbox 1129 888 1224 956; x_wconf 84' lang='lat' dir='ltr'>Unde</span> 
     </span>
     <span class='ocr_line' id='line_1_7' title="bbox 153 997 1225 1087; baseline -0.006 -19"><span class='ocrx_word' id='word_1_42' title='bbox 153 1006 305 1087; x_wconf 84' lang='lat' dir='ltr'><strong>quaestio</strong></span> <span class='ocrx_word' id='word_1_43' title='bbox 320 1006 431 1084; x_wconf 89' lang='lat' dir='ltr'><strong>oritur,</strong></span> <span class='ocrx_word' id='word_1_44' title='bbox 443 1011 550 1070; x_wconf 91' lang='lat' dir='ltr'><strong>utrum</strong></span> <span class='ocrx_word' id='word_1_45' title='bbox 565 1004 731 1068; x_wconf 88' lang='lat' dir='ltr'><strong>Diodorus</strong></span> <span class='ocrx_word' id='word_1_46' title='bbox 745 1003 804 1066; x_wconf 92' lang='lat' dir='ltr'><strong>hos</strong></span> <span class='ocrx_word' id='word_1_47' title='bbox 820 1001 901 1065; x_wconf 79' lang='lat' dir='ltr'><strong>duos</strong></span> <span class='ocrx_word' id='word_1_48' title='bbox 911 1002 999 1065; x_wconf 87' lang='lat' dir='ltr'><strong>locos</strong></span> <span class='ocrx_word' id='word_1_49' title='bbox 1011 1021 1049 1064; x_wconf 87' lang='lat' dir='ltr'><strong>ex</strong></span> <span class='ocrx_word' id='word_1_50' title='bbox 1061 1019 1124 1062; x_wconf 94' lang='lat' dir='ltr'><strong>uno</strong></span> <span class='ocrx_word' id='word_1_51' title='bbox 1134 997 1225 1062; x_wconf 85' lang='lat' dir='ltr'><strong>fonto</strong></span> 
     </span>
     <span class='ocr_line' id='line_1_8' title="bbox 150 1105 1225 1193; baseline -0.006 -18"><span class='ocrx_word' id='word_1_52' title='bbox 150 1112 304 1178; x_wconf 75' lang='lat' dir='ltr'><strong>hauserit</strong></span> <span class='ocrx_word' id='word_1_53' title='bbox 328 1134 369 1176; x_wconf 92' lang='lat' dir='ltr'><strong>an</strong></span> <span class='ocrx_word' id='word_1_54' title='bbox 391 1114 536 1176; x_wconf 88' lang='lat' dir='ltr'><strong>narratio</strong></span> <span class='ocrx_word' id='word_1_55' title='bbox 559 1113 593 1174; x_wconf 94' lang='lat' dir='ltr'><strong>in</strong></span> <span class='ocrx_word' id='word_1_56' title='bbox 616 1133 643 1182; x_wconf 76' lang='lat' dir='ltr'><strong>c,</strong></span> <span class='ocrx_word' id='word_1_57' title='bbox 664 1114 706 1175; x_wconf 82' lang='lat'><strong>45</strong></span> <span class='ocrx_word' id='word_1_58' title='bbox 731 1110 892 1193; x_wconf 85' lang='lat' dir='ltr'><strong>exscripta</strong></span> <span class='ocrx_word' id='word_1_59' title='bbox 920 1110 961 1173; x_wconf 89' lang='lat' dir='ltr'><strong>sit</strong></span> <span class='ocrx_word' id='word_1_60' title='bbox 985 1129 1024 1172; x_wconf 81' lang='lat' dir='ltr'><strong>ex</strong></span> <span class='ocrx_word' id='word_1_61' title='bbox 1049 1107 1111 1171; x_wconf 86' lang='lat' dir='ltr'><strong>alio</strong></span> <span class='ocrx_word' id='word_1_62' title='bbox 1135 1105 1225 1170; x_wconf 85' lang='lat' dir='ltr'><strong>fonto</strong></span> 
     </span>
     <span class='ocr_line' id='line_1_9' title="bbox 152 1213 1224 1302; baseline -0.005 -18"><span class='ocrx_word' id='word_1_63' title='bbox 152 1227 315 1301; x_wconf 82' lang='lat' dir='ltr'><strong>atqueea⁷</strong></span> <span class='ocrx_word' id='word_1_64' title='bbox 334 1241 415 1301; x_wconf 85' lang='lat' dir='ltr'><strong>quae</strong></span> <span class='ocrx_word' id='word_1_65' title='bbox 433 1222 465 1281; x_wconf 93' lang='lat' dir='ltr'><strong>in</strong></span> <span class='ocrx_word' id='word_1_66' title='bbox 483 1241 510 1289; x_wconf 79' lang='lat' dir='ltr'><strong>c,</strong></span> <span class='ocrx_word' id='word_1_67' title='bbox 528 1223 571 1286; x_wconf 89' lang='lat'><strong>43</strong></span> <span class='ocrx_word' id='word_1_68' title='bbox 590 1220 804 1302; x_wconf 79' lang='lat' dir='ltr'><strong>reperiuntur,</strong></span> <span class='ocrx_word' id='word_1_69' title='bbox 837 1216 871 1280; x_wconf 85' lang='lat' dir='ltr'><strong>Si</strong></span> <span class='ocrx_word' id='word_1_70' title='bbox 883 1237 956 1280; x_wconf 91' lang='lat' dir='ltr'><strong>vero</strong></span> <span class='ocrx_word' id='word_1_71' title='bbox 971 1237 1139 1280; x_wconf 90' lang='lat' dir='ltr'><strong>commune</strong></span> <span class='ocrx_word' id='word_1_72' title='bbox 1157 1213 1224 1279; x_wconf 83' lang='lat' dir='ltr'><strong>lere</strong></span> 
     </span>
     <span class='ocr_line' id='line_1_10' title="bbox 151 1322 1225 1408; baseline -0.005 -16"><span class='ocrx_word' id='word_1_73' title='bbox 151 1327 296 1392; x_wconf 90' lang='lat' dir='ltr'><strong>omnium</strong></span> <span class='ocrx_word' id='word_1_74' title='bbox 323 1328 472 1408; x_wconf 86' lang='lat' dir='ltr'><strong>virorum</strong></span> <span class='ocrx_word' id='word_1_75' title='bbox 488 1325 657 1390; x_wconf 90' lang='lat' dir='ltr'><strong>doctorum</strong></span> <span class='ocrx_word' id='word_1_76' title='bbox 680 1325 833 1388; x_wconf 89' lang='lat' dir='ltr'><strong>iudicium</strong></span> <span class='ocrx_word' id='word_1_77' title='bbox 858 1324 1022 1406; x_wconf 80' lang='lat' dir='ltr'><strong>sequimur</strong></span> <span class='ocrx_word' id='word_1_78' title='bbox 1044 1322 1225 1404; x_wconf 60' lang='lat' dir='ltr'><strong>‹lunestioni</strong></span> 
     </span>
     <span class='ocr_line' id='line_1_11' title="bbox 151 1430 1223 1516; baseline -0.007 -16"><span class='ocrx_word' id='word_1_79' title='bbox 151 1457 174 1500; x_wconf 89' lang='lat' dir='ltr'><strong>a</strong></span> <span class='ocrx_word' id='word_1_80' title='bbox 192 1435 285 1499; x_wconf 91' lang='lat' dir='ltr'><strong>nobis</strong></span> <span class='ocrx_word' id='word_1_81' title='bbox 301 1441 407 1499; x_wconf 87' lang='lat' dir='ltr'><strong>motae</strong></span> <span class='ocrx_word' id='word_1_82' title='bbox 424 1432 675 1516; x_wconf 86' lang='lat' dir='ltr'><strong>respondeamus</strong></span> <span class='ocrx_word' id='word_1_83' title='bbox 692 1453 821 1496; x_wconf 87' lang='lat' dir='ltr'><strong>necesse</strong></span> <span class='ocrx_word' id='word_1_84' title='bbox 838 1439 886 1496; x_wconf 88' lang='lat' dir='ltr'><strong>est</strong></span> <span class='ocrx_word' id='word_1_85' title='bbox 903 1430 1085 1495; x_wconf 89' lang='lat' dir='ltr'><strong>Diodorum</strong></span> <span class='ocrx_word' id='word_1_86' title='bbox 1103 1435 1223 1494; x_wconf 91' lang='lat' dir='ltr'><strong>utram·</strong></span> 
     </span>
     <span class='ocr_line' id='line_1_12' title="bbox 151 1535 1224 1626; baseline -0.006 -20"><span class='ocrx_word' id='word_1_87' title='bbox 151 1566 219 1626; x_wconf 88' lang='lat' dir='ltr'><strong>que</strong></span> <span class='ocrx_word' id='word_1_88' title='bbox 241 1543 460 1607; x_wconf 87' lang='lat' dir='ltr'><strong>narrationem</strong></span> <span class='ocrx_word' id='word_1_89' title='bbox 485 1563 523 1605; x_wconf 88' lang='lat' dir='ltr'><strong>ex</strong></span> <span class='ocrx_word' id='word_1_90' title='bbox 548 1561 610 1605; x_wconf 91' lang='lat' dir='ltr'><strong>uno</strong></span> <span class='ocrx_word' id='word_1_91' title='bbox 634 1538 725 1604; x_wconf 84' lang='lat' dir='ltr'><strong>fonte</strong></span> <span class='ocrx_word' id='word_1_92' title='bbox 753 1538 908 1602; x_wconf 87' lang='lat' dir='ltr'><strong>hausisse.</strong></span> <span class='ocrx_word' id='word_1_93' title='bbox 956 1536 1021 1602; x_wconf 82' lang='lat' dir='ltr'><strong>Sed</strong></span> <span class='ocrx_word' id='word_1_94' title='bbox 1047 1535 1109 1601; x_wconf 88' lang='lat' dir='ltr'><strong>hac</strong></span> <span class='ocrx_word' id='word_1_95' title='bbox 1131 1538 1165 1601; x_wconf 92' lang='lat' dir='ltr'><strong>in</strong></span> <span class='ocrx_word' id='word_1_96' title='bbox 1189 1558 1224 1600; x_wconf 90' lang='lat' dir='ltr'><strong>re</strong></span> 
     </span>
     <span class='ocr_line' id='line_1_13' title="bbox 149 1647 1223 1732; baseline -0.006 -18"><span class='ocrx_word' id='word_1_97' title='bbox 149 1652 189 1714; x_wconf 89' lang='lat' dir='ltr'><strong>in</strong></span> <span class='ocrx_word' id='word_1_98' title='bbox 212 1672 362 1732; x_wconf 84' lang='lat' dir='ltr'><strong>magnam</strong></span> <span class='ocrx_word' id='word_1_99' title='bbox 386 1647 610 1713; x_wconf 87' lang='lat' dir='ltr'><strong>difficultatem</strong></span> <span class='ocrx_word' id='word_1_100' title='bbox 633 1648 834 1732; x_wconf 79' lang='lat' dir='ltr'><strong>incurrimus,</strong></span> <span class='ocrx_word' id='word_1_101' title='bbox 860 1667 942 1728; x_wconf 61' lang='lat' dir='ltr'><strong>(puae</strong></span> <span class='ocrx_word' id='word_1_102' title='bbox 967 1667 1038 1709; x_wconf 87' lang='lat' dir='ltr'><strong>curn</strong></span> <span class='ocrx_word' id='word_1_103' title='bbox 1063 1667 1102 1709; x_wconf 90' lang='lat' dir='ltr'><strong>ea</strong></span> <span class='ocrx_word' id='word_1_104' title='bbox 1126 1666 1223 1727; x_wconf 88' lang='lat' dir='ltr'><strong>quam</strong></span> 
     </span>
     <span class='ocr_line' id='line_1_14' title="bbox 150 1751 1224 1840; baseline -0.006 -18"><span class='ocrx_word' id='word_1_105' title='bbox 150 1779 255 1840; x_wconf 89' lang='lat' dir='ltr'><strong>supra</strong></span> <span class='ocrx_word' id='word_1_106' title='bbox 272 1757 453 1822; x_wconf 88' lang='lat' dir='ltr'><strong>rettulimus</strong></span> <span class='ocrx_word' id='word_1_107' title='bbox 471 1757 620 1838; x_wconf 89' lang='lat' dir='ltr'><strong>opinione</strong></span> <span class='ocrx_word' id='word_1_108' title='bbox 635 1755 818 1819; x_wconf 91' lang='lat' dir='ltr'><strong>Diodorum</strong></span> <span class='ocrx_word' id='word_1_109' title='bbox 834 1760 960 1818; x_wconf 89' lang='lat' dir='ltr'><strong>tantum</strong></span> <span class='ocrx_word' id='word_1_110' title='bbox 977 1753 1075 1818; x_wconf 89' lang='lat' dir='ltr'><strong>modo</strong></span> <span class='ocrx_word' id='word_1_111' title='bbox 1089 1751 1224 1818; x_wconf 89' lang='lat' dir='ltr'><strong>socorde</strong></span> 
     </span>
     <span class='ocr_line' id='line_1_15' title="bbox 150 1859 1224 1947; baseline -0.005 -18"><span class='ocrx_word' id='word_1_112' title='bbox 150 1865 261 1929; x_wconf 79' lang='lat' dir='ltr'><strong>fontes</strong></span> <span class='ocrx_word' id='word_1_113' title='bbox 294 1866 488 1947; x_wconf 83' lang='lat' dir='ltr'><strong>excerpsisse</strong></span> <span class='ocrx_word' id='word_1_114' title='bbox 520 1885 586 1928; x_wconf 92' lang='lat' dir='ltr'><strong>non</strong></span> <span class='ocrx_word' id='word_1_115' title='bbox 618 1863 699 1928; x_wconf 89' lang='lat' dir='ltr'><strong>bene</strong></span> <span class='ocrx_word' id='word_1_116' title='bbox 735 1862 891 1932; x_wconf 76' lang='lat' dir='ltr'><strong>convenit,</strong></span> <span class='ocrx_word' id='word_1_117' title='bbox 938 1859 1103 1926; x_wconf 88' lang='lat' dir='ltr'><strong>Diodorus</strong></span> <span class='ocrx_word' id='word_1_118' title='bbox 1139 1860 1224 1924; x_wconf 82' lang='lat' dir='ltr'><strong>enirn</strong></span> 
     </span>
     <span class='ocr_line' id='line_1_16' title="bbox 153 1967 1223 2054; baseline -0.006 -17"><span class='ocrx_word' id='word_1_119' title='bbox 153 1978 294 2054; x_wconf 87' lang='lat' dir='ltr'><strong>utroque</strong></span> <span class='ocrx_word' id='word_1_120' title='bbox 316 1973 390 2036; x_wconf 92' lang='lat' dir='ltr'><strong>loco</strong></span> <span class='ocrx_word' id='word_1_121' title='bbox 414 1978 502 2035; x_wconf 90' lang='lat' dir='ltr'><strong>certo</strong></span> <span class='ocrx_word' id='word_1_122' title='bbox 532 1970 661 2054; x_wconf 87' lang='lat' dir='ltr'><strong>quidem</strong></span> <span class='ocrx_word' id='word_1_123' title='bbox 695 1970 806 2035; x_wconf 87' lang='lat' dir='ltr'><strong>eadem</strong></span> <span class='ocrx_word' id='word_1_124' title='bbox 839 1968 991 2050; x_wconf 89' lang='lat' dir='ltr'><strong>remedia,</strong></span> <span class='ocrx_word' id='word_1_125' title='bbox 1026 1990 1110 2050; x_wconf 89' lang='lat' dir='ltr'><strong>quae</strong></span> <span class='ocrx_word' id='word_1_126' title='bbox 1134 1967 1223 2051; x_wconf 79' lang='lat' dir='ltr'><strong>Tyrii</strong></span> 
     </span>
     <span class='ocr_line' id='line_1_17' title="bbox 149 2076 1224 2163; baseline -0.005 -19"><span class='ocrx_word' id='word_1_127' title='bbox 149 2082 189 2144; x_wconf 89' lang='lat' dir='ltr'><strong>in</strong></span> <span class='ocrx_word' id='word_1_128' title='bbox 206 2079 423 2144; x_wconf 85' lang='lat' dir='ltr'><strong>defensionem</strong></span> <span class='ocrx_word' id='word_1_129' title='bbox 439 2086 638 2163; x_wconf 87' lang='lat' dir='ltr'><strong>comparant,</strong></span> <span class='ocrx_word' id='word_1_130' title='bbox 664 2086 786 2161; x_wconf 88' lang='lat' dir='ltr'><strong>narrat,</strong></span> <span class='ocrx_word' id='word_1_131' title='bbox 804 2078 860 2142; x_wconf 88' lang='lat' dir='ltr'><strong>sed</strong></span> <span class='ocrx_word' id='word_1_132' title='bbox 877 2077 974 2143; x_wconf 87' lang='lat' dir='ltr'><strong>verba</strong></span> <span class='ocrx_word' id='word_1_133' title='bbox 991 2076 1106 2160; x_wconf 86' lang='lat' dir='ltr'><strong>quibus</strong></span> <span class='ocrx_word' id='word_1_134' title='bbox 1122 2078 1224 2141; x_wconf 86' lang='lat' dir='ltr'><strong>utitur</strong></span> 
     </span>
     <span class='ocr_line' id='line_1_18' title="bbox 151 2185 1221 2270; baseline -0.003 -18"><span class='ocrx_word' id='word_1_135' title='bbox 151 2209 362 2270; x_wconf 83' lang='lat' dir='ltr'><strong>nequaquam</strong></span> <span class='ocrx_word' id='word_1_136' title='bbox 378 2189 461 2252; x_wconf 89' lang='lat' dir='ltr'><strong>inter</strong></span> <span class='ocrx_word' id='word_1_137' title='bbox 478 2209 511 2251; x_wconf 90' lang='lat' dir='ltr'><strong>se</strong></span> <span class='ocrx_word' id='word_1_138' title='bbox 528 2189 743 2257; x_wconf 84' lang='lat' dir='ltr'><strong>consentiunt.</strong></span> <span class='ocrx_word' id='word_1_139' title='bbox 776 2185 867 2269; x_wconf 73' lang='lat' dir='ltr'><strong>Quae</strong></span> <span class='ocrx_word' id='word_1_140' title='bbox 888 2185 1002 2250; x_wconf 88' lang='lat' dir='ltr'><strong>ambae</strong></span> <span class='ocrx_word' id='word_1_141' title='bbox 1018 2187 1221 2250; x_wconf 87' lang='lat' dir='ltr'><strong>narrationes</strong></span> 
     </span>
     <span class='ocr_line' id='line_1_19' title="bbox 151 2294 1222 2379; baseline -0.002 -21"><span class='ocrx_word' id='word_1_142' title='bbox 151 2296 275 2379; x_wconf 87' lang='lat' dir='ltr'><strong>partim</strong></span> <span class='ocrx_word' id='word_1_143' title='bbox 299 2317 399 2377; x_wconf 80' lang='lat' dir='ltr'><strong>nsque</strong></span> <span class='ocrx_word' id='word_1_144' title='bbox 424 2295 465 2359; x_wconf 91' lang='lat' dir='ltr'><strong>ad</strong></span> <span class='ocrx_word' id='word_1_145' title='bbox 491 2295 589 2360; x_wconf 88' lang='lat' dir='ltr'><strong>verba</strong></span> <span class='ocrx_word' id='word_1_146' title='bbox 612 2295 697 2360; x_wconf 90' lang='lat' dir='ltr'><strong>inter</strong></span> <span class='ocrx_word' id='word_1_147' title='bbox 721 2317 754 2358; x_wconf 89' lang='lat' dir='ltr'><strong>se</strong></span> <span class='ocrx_word' id='word_1_148' title='bbox 771 2295 950 2359; x_wconf 89' lang='lat' dir='ltr'><strong>consentire</strong></span> <span class='ocrx_word' id='word_1_149' title='bbox 968 2295 1086 2376; x_wconf 88' lang='lat' dir='ltr'><strong>partim</strong></span> <span class='ocrx_word' id='word_1_150' title='bbox 1104 2294 1222 2358; x_wconf 89' lang='lat' dir='ltr'><strong>similes</strong></span> 
     </span>
     <span class='ocr_line' id='line_1_20' title="bbox 151 2401 1222 2486; baseline 0 -17"><span class='ocrx_word' id='word_1_151' title='bbox 151 2411 214 2469; x_wconf 86' lang='lat' dir='ltr'><strong>aut</strong></span> <span class='ocrx_word' id='word_1_152' title='bbox 237 2405 426 2484; x_wconf 83' lang='lat' dir='ltr'><strong>cognatione</strong></span> <span class='ocrx_word' id='word_1_153' title='bbox 451 2403 593 2486; x_wconf 89' lang='lat' dir='ltr'><strong>quadam</strong></span> <span class='ocrx_word' id='word_1_154' title='bbox 616 2405 700 2468; x_wconf 90' lang='lat' dir='ltr'><strong>inter</strong></span> <span class='ocrx_word' id='word_1_155' title='bbox 717 2425 749 2466; x_wconf 90' lang='lat' dir='ltr'><strong>se</strong></span> <span class='ocrx_word' id='word_1_156' title='bbox 769 2403 958 2467; x_wconf 86' lang='lat' dir='ltr'><strong>coniunctae</strong></span> <span class='ocrx_word' id='word_1_157' title='bbox 976 2424 1045 2466; x_wconf 89' lang='lat' dir='ltr'><strong>esse</strong></span> <span class='ocrx_word' id='word_1_158' title='bbox 1062 2401 1222 2470; x_wconf 85' lang='lat' dir='ltr'><strong>videntur.</strong></span> 
     </span>
     <span class='ocr_line' id='line_1_21' title="bbox 152 2510 1224 2596; baseline -0.001 -19"><span class='ocrx_word' id='word_1_159' title='bbox 152 2511 233 2577; x_wconf 92' lang='lat' dir='ltr'><strong>Huc</strong></span> <span class='ocrx_word' id='word_1_160' title='bbox 255 2512 389 2595; x_wconf 87' lang='lat' dir='ltr'><strong>accedit,</strong></span> <span class='ocrx_word' id='word_1_161' title='bbox 414 2510 500 2596; x_wconf 85' lang='lat' dir='ltr'><strong>quod</strong></span> <span class='ocrx_word' id='word_1_162' title='bbox 524 2511 687 2576; x_wconf 91' lang='lat' dir='ltr'><strong>Diodorus</strong></span> <span class='ocrx_word' id='word_1_163' title='bbox 720 2515 753 2576; x_wconf 94' lang='lat' dir='ltr'><strong>in</strong></span> <span class='ocrx_word' id='word_1_164' title='bbox 788 2534 813 2576; x_wconf 91' lang='lat' dir='ltr'><strong>c.</strong></span> <span class='ocrx_word' id='word_1_165' title='bbox 832 2516 875 2575; x_wconf 87' lang='grc'><strong>45</strong></span> <span class='ocrx_word' id='word_1_166' title='bbox 908 2513 1037 2576; x_wconf 88' lang='lat' dir='ltr'><strong>uberius</strong></span> <span class='ocrx_word' id='word_1_167' title='bbox 1071 2512 1224 2576; x_wconf 88' lang='lat' dir='ltr'><strong>disseruit</strong></span> 
     </span>
     <span class='ocr_line' id='line_1_22' title="bbox 154 2620 1217 2706; baseline 0 -22"><span class='ocrx_word' id='word_1_168' title='bbox 154 2642 259 2704; x_wconf 67' lang='lat' dir='ltr'><strong>«poam,</strong></span> <span class='ocrx_word' id='word_1_169' title='bbox 283 2621 315 2684; x_wconf 94' lang='lat' dir='ltr'><strong>in</strong></span> <span class='ocrx_word' id='word_1_170' title='bbox 349 2643 374 2692; x_wconf 76' lang='lat' dir='ltr'><strong>c,</strong></span> <span class='ocrx_word' id='word_1_171' title='bbox 399 2626 452 2690; x_wconf 87' lang='grc'><strong>43,</strong></span> <span class='ocrx_word' id='word_1_172' title='bbox 501 2620 561 2686; x_wconf 71' lang='lat' dir='ltr'><strong>sin</strong></span> <span class='ocrx_word' id='word_1_173' title='bbox 597 2628 703 2685; x_wconf 88' lang='lat' dir='ltr'><strong>autern</strong></span> <span class='ocrx_word' id='word_1_174' title='bbox 737 2624 770 2685; x_wconf 86' lang='lat' dir='ltr'><strong>iir</strong></span> <span class='ocrx_word' id='word_1_175' title='bbox 801 2622 960 2685; x_wconf 88' lang='lat' dir='ltr'><strong>sententia</strong></span> <span class='ocrx_word' id='word_1_176' title='bbox 993 2643 1217 2706; x_wconf 82' lang='lat' dir='ltr'><strong>permanemus</strong></span> 
     </span>
     <span class='ocr_line' id='line_1_23' title="bbox 153 2729 1222 2813; baseline -0.001 -19"><span class='ocrx_word' id='word_1_177' title='bbox 153 2729 337 2794; x_wconf 88' lang='lat' dir='ltr'><strong>Diodorum</strong></span> <span class='ocrx_word' id='word_1_178' title='bbox 373 2738 544 2813; x_wconf 85' lang='lat' dir='ltr'><strong>utrumque</strong></span> <span class='ocrx_word' id='word_1_179' title='bbox 584 2731 690 2794; x_wconf 84' lang='lat' dir='ltr'><strong>locum</strong></span> <span class='ocrx_word' id='word_1_180' title='bbox 731 2751 769 2794; x_wconf 85' lang='lat' dir='ltr'><strong>ex</strong></span> <span class='ocrx_word' id='word_1_181' title='bbox 802 2729 914 2794; x_wconf 89' lang='lat' dir='ltr'><strong>eodem</strong></span> <span class='ocrx_word' id='word_1_182' title='bbox 946 2731 1034 2797; x_wconf 87' lang='lat' dir='ltr'><strong>fonte</strong></span> <span class='ocrx_word' id='word_1_183' title='bbox 1068 2731 1222 2811; x_wconf 86' lang='lat' dir='ltr'><strong>hausisse,</strong></span> 
     </span>
     <span class='ocr_line' id='line_1_24' title="bbox 151 2837 1224 2922; baseline -0.002 -19"><span class='ocrx_word' id='word_1_184' title='bbox 151 2844 263 2903; x_wconf 85' lang='lat' dir='ltr'><strong>tamen</strong></span> <span class='ocrx_word' id='word_1_185' title='bbox 289 2837 428 2904; x_wconf 83' lang='lat' dir='ltr'><strong>dubitari</strong></span> <span class='ocrx_word' id='word_1_186' title='bbox 451 2860 516 2903; x_wconf 92' lang='lat' dir='ltr'><strong>non</strong></span> <span class='ocrx_word' id='word_1_187' title='bbox 539 2838 670 2922; x_wconf 88' lang='lat' dir='ltr'><strong>poterit,</strong></span> <span class='ocrx_word' id='word_1_188' title='bbox 697 2840 772 2920; x_wconf 88' lang='lat' dir='ltr'><strong>quin</strong></span> <span class='ocrx_word' id='word_1_189' title='bbox 799 2839 852 2902; x_wconf 93' lang='lat' dir='ltr'><strong>ille</strong></span> <span class='ocrx_word' id='word_1_190' title='bbox 877 2841 984 2905; x_wconf 86' lang='lat' dir='ltr'><strong>animo</strong></span> <span class='ocrx_word' id='word_1_191' title='bbox 1010 2847 1042 2904; x_wconf 88' lang='lat' dir='ltr'><strong>et</strong></span> <span class='ocrx_word' id='word_1_192' title='bbox 1065 2838 1224 2903; x_wconf 88' lang='lat' dir='ltr'><strong>industria</strong></span> 
     </span>
     <span class='ocr_line' id='line_1_25' title="bbox 152 2945 1223 3031; baseline -0.001 -20"><span class='ocrx_word' id='word_1_193' title='bbox 152 2945 251 3031; x_wconf 88' lang='lat' dir='ltr'><strong>plura</strong></span> <span class='ocrx_word' id='word_1_194' title='bbox 282 2946 322 3010; x_wconf 92' lang='lat' dir='ltr'><strong>de</strong></span> <span class='ocrx_word' id='word_1_195' title='bbox 354 2970 411 3011; x_wconf 84' lang='lat' dir='ltr'><strong>suo</strong></span> <span class='ocrx_word' id='word_1_196' title='bbox 442 2948 596 3020; x_wconf 78' lang='lat' dir='ltr'><strong>attulerit,</strong></span> <span class='ocrx_word' id='word_1_197' title='bbox 644 2945 741 3028; x_wconf 76' lang='lat' dir='ltr'><strong>Quod</strong></span> <span class='ocrx_word' id='word_1_198' title='bbox 773 2949 889 3011; x_wconf 89' lang='lat' dir='ltr'><strong>attinet</strong></span> <span class='ocrx_word' id='word_1_199' title='bbox 922 2946 963 3010; x_wconf 92' lang='lat' dir='ltr'><strong>ad</strong></span> <span class='ocrx_word' id='word_1_200' title='bbox 996 2946 1074 3010; x_wconf 86' lang='lat' dir='ltr'><strong>alias</strong></span> <span class='ocrx_word' id='word_1_201' title='bbox 1099 2969 1149 3011; x_wconf 86' lang='lat' dir='ltr'><strong>res</strong></span> <span class='ocrx_word' id='word_1_202' title='bbox 1174 2947 1223 3011; x_wconf 93' lang='lat' dir='ltr'><strong>bis</strong></span> 
     </span>
     <span class='ocr_line' id='line_1_26' title="bbox 152 3053 1223 3137; baseline 0 -19"><span class='ocrx_word' id='word_1_203' title='bbox 152 3053 243 3137; x_wconf 73' lang='lat' dir='ltr'><strong>aliud</strong></span> <span class='ocrx_word' id='word_1_204' title='bbox 274 3053 455 3118; x_wconf 90' lang='lat' dir='ltr'><strong>Diodorum</strong></span> <span class='ocrx_word' id='word_1_205' title='bbox 495 3062 645 3119; x_wconf 87' lang='lat' dir='ltr'><strong>narratas</strong></span> <span class='ocrx_word' id='word_1_206' title='bbox 687 3054 827 3118; x_wconf 88' lang='lat' dir='ltr'><strong>concedo</strong></span> <span class='ocrx_word' id='word_1_207' title='bbox 869 3077 923 3119; x_wconf 89' lang='lat' dir='ltr'><strong>eas</strong></span> <span class='ocrx_word' id='word_1_208' title='bbox 964 3076 1002 3118; x_wconf 87' lang='lat' dir='ltr'><strong>ex</strong></span> <span class='ocrx_word' id='word_1_209' title='bbox 1043 3075 1105 3118; x_wconf 94' lang='lat' dir='ltr'><strong>uno</strong></span> <span class='ocrx_word' id='word_1_210' title='bbox 1136 3054 1223 3119; x_wconf 84' lang='lat' dir='ltr'><strong>fonte</strong></span> 
     </span>
     <span class='ocr_line' id='line_1_27' title="bbox 149 3160 1223 3227; baseline 0.002 -2"><span class='ocrx_word' id='word_1_211' title='bbox 149 3163 288 3226; x_wconf 87' lang='lat' dir='ltr'><strong>haustas</strong></span> <span class='ocrx_word' id='word_1_212' title='bbox 322 3183 391 3225; x_wconf 88' lang='lat' dir='ltr'><strong>esse</strong></span> <span class='ocrx_word' id='word_1_213' title='bbox 424 3167 455 3225; x_wconf 87' lang='lat' dir='ltr'><strong>et</strong></span> <span class='ocrx_word' id='word_1_214' title='bbox 478 3160 520 3224; x_wconf 86' lang='lat' dir='ltr'><strong>ab</strong></span> <span class='ocrx_word' id='word_1_215' title='bbox 547 3161 603 3225; x_wconf 92' lang='lat' dir='ltr'><strong>illo</strong></span> <span class='ocrx_word' id='word_1_216' title='bbox 628 3164 723 3226; x_wconf 90' lang='lat' dir='ltr'><strong>certis</strong></span> <span class='ocrx_word' id='word_1_217' title='bbox 746 3163 824 3226; x_wconf 88' lang='lat' dir='ltr'><strong>loeis</strong></span> <span class='ocrx_word' id='word_1_218' title='bbox 849 3162 1062 3226; x_wconf 86' lang='lat' dir='ltr'><strong>bibliothecae</strong></span> <span class='ocrx_word' id='word_1_219' title='bbox 1085 3163 1223 3227; x_wconf 88' lang='lat' dir='ltr'><strong>insertas</strong></span> 
     </span>
     <span class='ocr_line' id='line_1_28' title="bbox 151 3270 1223 3353; baseline 0 -19"><span class='ocrx_word' id='word_1_220' title='bbox 151 3292 235 3341; x_wconf 81' lang='lat' dir='ltr'><strong>esse.</strong></span> <span class='ocrx_word' id='word_1_221' title='bbox 282 3270 405 3333; x_wconf 76' lang='lat' dir='ltr'><strong>Tamen</strong></span> <span class='ocrx_word' id='word_1_222' title='bbox 436 3270 470 3331; x_wconf 89' lang='lat' dir='ltr'><strong>in</strong></span> <span class='ocrx_word' id='word_1_223' title='bbox 502 3276 613 3334; x_wconf 87' lang='lat' dir='ltr'><strong>nostra</strong></span> <span class='ocrx_word' id='word_1_224' title='bbox 645 3272 831 3353; x_wconf 88' lang='lat' dir='ltr'><strong>quaestione</strong></span> <span class='ocrx_word' id='word_1_225' title='bbox 864 3271 972 3336; x_wconf 84' lang='lat' dir='ltr'><strong>facere</strong></span> <span class='ocrx_word' id='word_1_226' title='bbox 996 3292 1059 3334; x_wconf 92' lang='lat' dir='ltr'><strong>non</strong></span> <span class='ocrx_word' id='word_1_227' title='bbox 1083 3292 1223 3353; x_wconf 83' lang='lat' dir='ltr'><strong>possum,</strong></span> 
     </span>
     <span class='ocr_line' id='line_1_29' title="bbox 151 3367 1224 3461; baseline 0.004 -22"><span class='ocrx_word' id='word_1_228' title='bbox 151 3367 233 3461; x_wconf 70' lang='lat' dir='ltr'><strong>quin</strong></span> <span class='ocrx_word' id='word_1_229' title='bbox 266 3377 447 3442; x_wconf 87' lang='lat' dir='ltr'><strong>Diodorum</strong></span> <span class='ocrx_word' id='word_1_230' title='bbox 489 3384 661 3460; x_wconf 83' lang='lat' dir='ltr'><strong>utrumque</strong></span> <span class='ocrx_word' id='word_1_231' title='bbox 703 3378 807 3443; x_wconf 89' lang='lat' dir='ltr'><strong>locmn</strong></span> <span class='ocrx_word' id='word_1_232' title='bbox 848 3401 886 3443; x_wconf 83' lang='grc'><strong>611</strong></span> <span class='ocrx_word' id='word_1_233' title='bbox 914 3379 1048 3444; x_wconf 88' lang='lat' dir='ltr'><strong>diversis</strong></span> <span class='ocrx_word' id='word_1_234' title='bbox 1082 3378 1224 3443; x_wconf 86' lang='lat' dir='ltr'><strong>fontibus</strong></span> 
     </span>
     <span class='ocr_line' id='line_1_30' title="bbox 149 3483 1222 3570; baseline 0 -19"><span class='ocrx_word' id='word_1_235' title='bbox 149 3487 300 3551; x_wconf 87' lang='lat' dir='ltr'><strong>hausisse</strong></span> <span class='ocrx_word' id='word_1_236' title='bbox 318 3492 438 3570; x_wconf 79' lang='lat' dir='ltr'><strong>putem,</strong></span> <span class='ocrx_word' id='word_1_237' title='bbox 477 3483 532 3549; x_wconf 85' lang='lat' dir='ltr'><strong>Ad</strong></span> <span class='ocrx_word' id='word_1_238' title='bbox 550 3484 637 3566; x_wconf 89' lang='lat' dir='ltr'><strong>quod</strong></span> <span class='ocrx_word' id='word_1_239' title='bbox 654 3484 703 3548; x_wconf 83' lang='lat' dir='ltr'><strong>his</strong></span> <span class='ocrx_word' id='word_1_240' title='bbox 721 3486 921 3568; x_wconf 84' lang='lat' dir='ltr'><strong>potissimum</strong></span> <span class='ocrx_word' id='word_1_241' title='bbox 938 3489 1042 3550; x_wconf 87' lang='lat' dir='ltr'><strong>causis</strong></span> <span class='ocrx_word' id='word_1_242' title='bbox 1060 3486 1222 3556; x_wconf 88' lang='lat' dir='ltr'><strong>adducor:</strong></span> 
     </span>
     <span class='ocr_line' id='line_1_31' title="bbox 149 3591 1224 3682; baseline 0.001 -23"><span class='ocrx_word' id='word_1_243' title='bbox 149 3595 293 3680; x_wconf 86' lang='lat' dir='ltr'><strong>primum</strong></span> <span class='ocrx_word' id='word_1_244' title='bbox 328 3593 466 3676; x_wconf 70' lang='lat' dir='ltr'><strong>quidem,</strong></span> <span class='ocrx_word' id='word_1_245' title='bbox 502 3592 588 3675; x_wconf 85' lang='lat' dir='ltr'><strong>quod</strong></span> <span class='ocrx_word' id='word_1_246' title='bbox 621 3591 725 3657; x_wconf 87' lang='lat' dir='ltr'><strong>altero</strong></span> <span class='ocrx_word' id='word_1_247' title='bbox 756 3592 827 3656; x_wconf 85' lang='lat' dir='ltr'><strong>loco</strong></span> <span class='ocrx_word' id='word_1_248' title='bbox 856 3593 900 3680; x_wconf 85' lang='lat' dir='ltr'><strong>(in</strong></span> <span class='ocrx_word' id='word_1_249' title='bbox 925 3617 950 3666; x_wconf 88' lang='lat' dir='ltr'><strong>c.</strong></span> <span class='ocrx_word' id='word_1_250' title='bbox 975 3595 1032 3682; x_wconf 77' lang='lat'><strong>45)</strong></span> <span class='ocrx_word' id='word_1_251' title='bbox 1057 3593 1224 3660; x_wconf 90' lang='lat' dir='ltr'><strong>Diodorus</strong></span> 
     </span>
    </p>
   </div>
   <div class='ocr_carea' id='block_1_3' title="bbox 147 3841 1224 3995">
    <p class='ocr_par' dir='ltr' id='par_1_3' title="bbox 147 3841 1224 3995">
     <span class='ocr_line' id='line_1_32' title="bbox 227 3841 1224 3919; baseline 0.004 -23"><span class='ocrx_word' id='word_1_252' title='bbox 227 3841 260 3912; x_wconf 80' lang='grc' dir='ltr'><strong>8θ)</strong></span> <span class='ocrx_word' id='word_1_253' title='bbox 280 3844 356 3897; x_wconf 88' lang='lat' dir='ltr'><strong>Illud</strong></span> <span class='ocrx_word' id='word_1_254' title='bbox 380 3844 533 3912; x_wconf 85' lang='lat' dir='ltr'><strong>excipimus</strong></span> <span class='ocrx_word' id='word_1_255' title='bbox 560 3845 635 3916; x_wconf 91' lang='lat' dir='ltr'><strong>quod</strong></span> <span class='ocrx_word' id='word_1_256' title='bbox 657 3845 846 3912; x_wconf 69' lang='lat' dir='ltr'><strong>Broecker,</strong></span> <span class='ocrx_word' id='word_1_257' title='bbox 872 3845 889 3896; x_wconf 92' lang='lat' dir='ltr'><strong>l.</strong></span> <span class='ocrx_word' id='word_1_258' title='bbox 915 3862 937 3897; x_wconf 89' lang='lat' dir='ltr'><strong>c.</strong></span> <span class='ocrx_word' id='word_1_259' title='bbox 961 3864 986 3919; x_wconf 87' lang='lat' dir='ltr'><strong>p.</strong></span> <span class='ocrx_word' id='word_1_260' title='bbox 1007 3847 1040 3896; x_wconf 78' lang='lat'><strong>65</strong></span> <span class='ocrx_word' id='word_1_261' title='bbox 1068 3847 1166 3904; x_wconf 85' lang='lat' dir='ltr'><strong>attulit</strong></span> <span class='ocrx_word' id='word_1_262' title='bbox 1190 3847 1224 3906; x_wconf 78' lang='lat' dir='ltr'><strong>de</strong></span> 
     </span>
     <span class='ocr_line' id='line_1_33' title="bbox 147 3932 422 3995; baseline -0.007 -7"><span class='ocrx_word' id='word_1_263' title='bbox 147 3934 229 3995; x_wconf 82' lang='lat' dir='ltr'><strong>libro</strong></span> <span class='ocrx_word' id='word_1_264' title='bbox 247 3932 319 3987; x_wconf 90' lang='lat' dir='ltr'><strong>XIX</strong></span> <span class='ocrx_word' id='word_1_265' title='bbox 338 3951 360 3988; x_wconf 91' lang='lat' dir='ltr'><strong>c.</strong></span> <span class='ocrx_word' id='word_1_266' title='bbox 380 3933 422 3992; x_wconf 79' lang='lat'><strong>72.</strong></span> 
     </span>
    </p>
   </div>
   <div class='ocr_carea' id='block_1_4' title="bbox 0 0 1326 4242">
    <p class='ocr_par' dir='ltr' id='par_1_4' title="bbox 0 0 1326 4242">
     <span class='ocr_line' id='line_1_34' title="bbox 0 0 1326 4242; baseline 0 0"><span class='ocrx_word' id='word_1_267' title='bbox 0 0 1326 4242; x_wconf 95' lang='lat' dir='ltr'><strong> </strong></span> 
     </span>
    </p>
   </div>
  </div>
 </body>
</html>
