2642 4242
704 298 745 356 23
791 329 837 340 ...

179 461 354 556 anderung'
377 471 608 555 angebraehtf‘
639 472 798 536 Fraenkel
824 494 953 558 quoquo
978 472 1009 545 d,
1035 495 1060 535 e.
1085 495 1114 556 p,
1134 476 1198 539 268
1222 479 1254 537 et

179 583 260 662 418,
277 580 309 665 6)
327 579 755 666 hoerespieitetArriannm
774 580 957 644 Diodorum
975 579 1120 646 Curtium
1139 602 1253 664 parum

180 709 362 770 congruere
379 687 465 758 dicit,
513 685 585 770 Qua
603 687 642 750 do
659 687 966 752 causat'litarohum
983 695 1015 752 et
1027 688 1253 754 Aristobuinm

180 794 299 860 eodem
324 794 413 860 fonte
437 816 511 858 usos
536 816 604 857 esse
629 792 776 857 concludi
800 815 865 857 nou
890 815 984 878 posse
1008 796 1061 863 ait.

276 901 310 968 Si
328 923 401 966 vero
419 902 636 966 narrationem
654 900 743 986 apud
760 900 907 966 Curtium
924 908 956 965 et
973 901 1155 966 Diodorum
1171 923 1250 968 cura

180 1013 282 1094 atquo
306 1009 471 1089 diligentia
496 1009 727 1072 examinaveris
744 1015 915 1093 utrumqne
937 998 1102 1073 anatolem
1119 1009 1161 1072 ad
1177 1032 1252 1074 eun·

180 1115 258 1179 dem
282 1116 402 1180 iontem
428 1123 574 1200 spectare
603 1137 727 1179 meeum
756 1118 945 1188 consenties,
996 1117 1139 1200 Uterque
1167 1118 1251 1181 enim

179 1229 299 1286 narrat
315 1221 440 1308 Tyriae,
466 1244 660 1307 quamquam
678 1223 813 1286 classem
830 1223 1004 1305 habebant,
1023 1247 1093 1287 enm
1112 1223 1252 1289 Alexan-

180 1329 245 1392 dro
262 1329 417 1411 proelium
435 1329 547 1392 navale
564 1330 643 1393 inire
660 1351 724 1392 non
742 1352 838 1393 auson
849 1353 928 1402 esne,
963 1331 1065 1414 Apud
1081 1338 1252 1416 utrumqne

178 1435 372 1518 scriptorem
406 1459 463 1499 ren
487 1445 544 1517 est,
579 1437 632 1522 qni
658 1445 723 1500 tres
757 1459 852 1501 navus
885 1437 928 1501 ad
952 1446 1111 1502 extremas
1141 1438 1251 1502 fauces

177 1543 305 1626 positas
328 1545 397 1628 ipae
414 1543 589 1625 demergat,
621 1544 782 1608 Arrianus
801 1545 846 1615 n,
865 1549 946 1625 20,7
966 1545 1124 1608 simillime
1141 1545 1250 1626 refert,

178 1650 240 1712 sed
266 1651 351 1733 apud
376 1673 447 1714 oum
465 1651 642 1715 Phoenicen
661 1661 744 1733 sunt,
770 1653 823 1736 qui
848 1662 913 1715 tres
935 1675 1032 1715 nares
1050 1653 1248 1731 demergant,

178 1756 345 1821 Arrianus
370 1764 477 1822 autem
502 1758 598 1843 paulo
628 1760 752 1844 antes's')
778 1767 966 1823 narraverat
993 1760 1168 1822 Phoenices
1199 1783 1249 1822 ex-

179 1872 278 1950 cepto
312 1866 498 1948 Pnytagora
531 1888 640 1929 omnes
673 1868 704 1928 in
741 1866 855 1930 dextro
889 1889 988 1930 cornu
1021 1867 1128 1948 fuisse,
1164 1866 1251 1952 qnod

178 1974 373 2038 Alexander
396 1975 462 2056 inse
487 1974 627 2043 tenebat.
677 1973 741 2036 Sed
770 1997 842 2039 eum
867 1997 923 2038 rex
951 1976 983 2038 in
1013 1976 1157 2040 omnibns
1183 1976 1250 2038 fere

180 2083 313 2168 proeliis
324 2081 579 2166 semperprimns
593 2081 635 2164 ³¹¹²)
651 2081 684 2144 in
701 2083 821 2166 impetn
837 2091 930 2164 esset,
950 2083 1010 2146 liar
1027 2084 1058 2146 in
1077 2105 1110 2146 re
1121 2105 1249 2167 qnoque

177 2189 293 2252 videor
309 2188 385 2252 mihi
403 2210 466 2251 non
488 2189 555 2252 sine
572 2210 671 2251 canusa
687 2190 836 2254 arbitrari
855 2190 1079 2255 Alexandrum
1095 2192 1128 2253 in
1145 2191 1248 2276 primo

178 2297 309 2374 agmine
335 2296 532 2358 Phoenicum
557 2293 666 2365 fnisse,

272 2405 389 2489 Itaque
401 2425 472 2466 uum
483 2403 676 2466 Fraerdrelio
685 2404 727 2489 ιἳῖ)
738 2405 934 2467 censebimus
945 2403 1248 2468 eontraKaemtinm

176 2510 245 2576 hoe
261 2511 332 2574 loeo
351 2509 497 2575 Curtium
516 2510 636 2574 sontem
653 2533 745 2574 suum
766 2511 854 2575 mdia
869 2513 995 2575 ratione
1012 2519 1165 2590 unumne,
1191 2511 1248 2574 sed

176 2621 401 2685 narrationem
426 2641 516 2683 suam
541 2641 579 2682 ex
595 2617 709 2681 eodem
734 2619 821 2682 fonte
839 2619 983 2683 hausisse
1001 2641 1064 2701 quo
1082 2619 1248 2683 Diodorus

177 2748 311 2811 quoqne
336 2748 410 2791 nans
435 2726 486 2795 ait.
521 2724 651 2789 Crntins
677 2734 709 2788 ot
727 2724 889 2790 Diodorus
913 2728 974 2790 inae
998 2728 1029 2790 in
1053 2748 1089 2790 re
1113 2725 1249 2789 eundem

177 2834 304 2898 fontem
328 2833 506 2896 derivatum
531 2841 709 2915 arqnnntnr
733 2855 796 2918 quo
820 2835 895 2897 alibi
921 2856 1048 2918 qnoque
1077 2834 1149 2897 iilos
1175 2856 1248 2898 usos

177 2963 252 3004 esse
275 2941 368 3004 facile
385 2941 582 3016 intenditur,
594 2943 636 3023 ³3⁸)
669 2940 894 3004 Gonia-unam
914 2943 1085 3006 nnaenkdi
1102 2942 1248 3007 Curtium

176 3047 244 3110 hoe
278 3050 348 3136 loeo
373 3049 572 3112 Clitarchnm
606 3048 729 3112 sontem
764 3057 907 3111 seratum
942 3072 1010 3112 esso
1043 3051 1121 3114 satis
1154 3052 1248 3115 certis

177 3157 379 3234 argumentin
405 3155 532 3237 probari
567 3178 661 3237 poam
695 3178 787 3234 nego,
835 3157 916 3219 (tum
950 3159 1032 3221 enim
1066 3158 1106 3220 do
1130 3158 1191 3221 hae
1214 3180 1249 3221 re

156 3483 161 3494 '
254 3475 286 3543 ²3⁵)
309 3478 371 3530 Arr.
392 3477 427 3529 ΙΙ.
448 3477 489 3543 24),
512 3479 536 3529 6.
1008 3501 1011 3507 =

253 3563 289 3631 Μ)
308 3565 342 3618 of.
357 3571 421 3618 Arr.
437 3566 460 3618 I.
480 3569 561 3632 ‘datm
584 3565 717 3632 H.10,a:
738 3565 778 3617 H.
801 3567 882 3631 11,6;
902 3566 937 3620 V.
951 3565 985 3616 22
1000 3570 1028 3618 et
1041 3565 1087 3619 23:
1109 3564 1160 3618 Vl.
1180 3566 1204 3633 7,
1220 3568 1247 3632 ὃς

177 3653 236 3721 VI,
256 3657 281 3721 9,
302 3655 324 3722 1,
344 3655 369 3721 3,
390 3659 415 3709 'a

254 3743 287 3811 57)
307 3745 494 3799 Praenkel:
514 3746 532 3798 l.
553 3765 576 3798 a.
597 3765 622 3812 n,
641 3746 703 3798 424.

254 3833 288 3899 58)
308 3835 340 3888 ef.
355 3835 438 3888 Diod.
453 3835 549 3888 XVII.
569 3836 641 3900 aab
661 3841 690 3888 et
704 3835 779 3894 Cart.
794 3835 829 3895 V.
849 3839 873 3905 2,
887 3840 916 3889 8:
937 3835 1019 3891 Diod.
1039 3837 1111 3908 oto
1130 3841 1158 3892 et
1172 3836 1248 3899 Curt,

179 3923 218 3986 V.
244 3923 265 3992 r,
279 3923 313 3979 43
333 3928 362 3977 et
382 3922 443 3984 dur.
463 3923 519 3980 III.
541 3926 581 3979 16.
595 3923 619 3980 5.
