2642 4242
563 284 764 353 ...3-

128 470 162 528 et
193 462 395 531 immutabile
428 467 520 532 nohis
555 467 635 550 fore,
666 469 776 552 quoad
808 469 877 535 fieri
901 468 1004 552 possit
1025 467 1058 536 in
1081 490 1200 556 magna

125 571 238 653 iuopia
269 572 406 636 soritium
439 574 684 657 primariorum,
727 576 788 640 nisi
819 578 908 659 prius
944 577 985 642 de
1002 581 1198 669 'minoribus

125 678 276 760 partibus
301 687 452 744 accurate
477 687 508 745 et
526 681 699 764 diligenter
716 683 824 748 omnia
840 705 924 766 quae
941 684 1049 750 afferri
1064 696 1200 770 possunt

129 785 346 873 afferantur)
392 787 547 854 Nondum
572 790 654 854 enim
680 791 758 855 satis
783 790 823 856 de
845 791 948 856 tribus
970 793 1033 858 illis
1058 795 1197 880 proeliis,

125 893 244 980 quibus
269 895 309 959 de
333 916 434 976 reguo
459 896 635 961 Persarum
661 897 905 981 decernebatur,
934 903 1116 984 quaesitum
1139 911 1197 986 est,

126 1003 304 1084 praecipue
337 1003 377 1067 de
409 1026 520 1086 pugna
543 1005 629 1088 apud
653 1005 799 1092 Issum5)
824 1007 993 1072 commissa
1017 1030 1199 1093 operaeque

123 1109 206 1172 mihi
230 1111 369 1192 pretium
393 1111 520 1176 videtur
545 1135 613 1178 esse
638 1113 721 1178 haec
745 1113 927 1196 diligentius
956 1138 1053 1199 quam
1077 1117 1199 1182 factum

124 1225 179 1282 cst
211 1220 416 1300 pertractari,
472 1219 589 1302 Neque
622 1243 697 1284 vero
733 1221 773 1286 de
807 1223 1027 1288 obsidionibus
1060 1224 1197 1308 labium,

123 1327 153 1388 si
189 1327 257 1407 quis
291 1327 473 1390 accuratius
509 1326 689 1415 dissereret,
725 1329 837 1394 inutile
861 1331 911 1413 sit,
945 1333 1134 1414 praesertim
1159 1332 1199 1398 de

123 1431 315 1498 Thebarum
339 1441 371 1498 et
395 1432 472 1516 Tyri
497 1433 675 1502 obsidione.

218 1540 337 1624 Itaque
376 1540 469 1605 nobis
509 1541 542 1604 in
582 1542 690 1608 animo
730 1550 788 1625 est,
829 1567 913 1628 quae
953 1545 993 1610 de
1031 1544 1117 1629 Tyro
1157 1545 1198 1611 ab

125 1647 321 1714 Alexandro
340 1648 464 1730 Magno
489 1656 679 1732 oppugnata
703 1659 735 1716 et
759 1660 855 1735 capta
879 1654 1053 1717 memoriae
1077 1653 1198 1718 tradita

125 1762 273 1842 exstant,
308 1757 502 1839 singillatim
527 1759 734 1840 perscrutari.
797 1756 879 1822 Cum
912 1760 944 1822 in
980 1759 1198 1842 disputatione

125 1854 242 1928 nostra
266 1849 393 1947 saepius
424 1866 515 1930 nobis
541 1854 829 1931 cum'Fraenkelio
853 1889 905 1930 res
929 1867 1039 1932 futura
1062 1868 1113 1953 sit,
1135 1869 1198 1933 hoc

124 1971 202 2043 loco
227 1972 397 2039 nonnullas
423 1975 491 2038 eius
516 1975 684 2058 opiniones
701 1974 865 2056 graviores
882 1974 1063 2039 examinare
1081 1997 1198 2059 operae

122 2081 267 2164 pretium
302 2087 360 2152 est.
408 2078 568 2158 Quoniam
591 2102 667 2146 vero
701 2103 766 2145 non
795 2103 900 2145 meum
925 2089 974 2146 est
997 2103 1107 2146 omnes
1131 2085 1197 2148 eius

124 2187 315 2269 sententiaa
349 2188 494 2270 quamvis
526 2188 627 2252 falsae
659 2196 691 2252 et
723 2210 893 2271 perversae
926 2189 1099 2273 pleraeque
1134 2191 1198 2255 sint

121 2296 271 2361 refutare
283 2297 321 2382 6),
354 2297 545 2378 pracsertim
579 2317 650 2360 cum
673 2297 705 2359 in
730 2301 918 2380 quaestione
940 2299 1012 2380 ipsa
1034 2319 1099 2362 non
1120 2320 1196 2363 raro

124 2403 314 2468 occasiones
333 2403 426 2485 uobis
443 2402 619 2468 afferantur
635 2403 743 2486 plures
762 2405 828 2469 eius
850 2408 1049 2471 coniecturas
1066 2406 1198 2488 diligen-

124 2512 193 2576 tius
228 2507 405 2593 tractandi,
451 2512 492 2576 de
525 2512 563 2576 iis
595 2511 792 2576 Fraenkelii·
814 2514 1015 2596 opinionibus
1052 2537 1196 2597 agamus,

201 2775 224 2844 4)
245 2777 337 2830 Simili
356 2780 439 2833 modo
459 2781 595 2852 iudicavit
614 2779 843 2835 Petersdorsf
860 2784 888 2836 iu
908 2784 1003 2838 libello
1023 2799 1088 2841 suo:
1108 2777 1204 2853 „ldine'

125 2885 204 2921 neue
221 2865 418 2936 'Hauptquelle
438 2871 485 2923 des
505 2869 539 2938 Q.
559 2870 673 2924 Curtius
691 2871 807 2940 Rufus,“
825 2873 980 2929 Hanuover
1002 2873 1069 2928 1884
1086 2892 1113 2940 p.
1133 2878 1175 2930 64.

201 2955 223 3026 ὃ)
244 2955 288 3016 De
312 2975 408 3026 pugna
428 2961 503 3028 apud
527 2959 618 3013 Issum
644 2962 790 3014 commissa
809 2962 986 3018 Callisthenis
1009 2964 1197 3034 fragmentum

124 3047 205 3115 apud
225 3045 373 3116 Polybium
393 3047 461 3101 XII.
483 3049 513 3101 17
534 3068 591 3117 sqq.
611 3050 753 3104 habemus.

202 3135 223 3204 ὓ)
244 3135 391 3190 Relutavit
419 3143 483 3192 ante
512 3157 561 3191 nos
581 3137 808 3194 Petersdorff
828 3143 845 3194 l.
872 3162 894 3194 c.
918 3143 948 3195 in
967 3149 1092 3198 extrema
1116 3150 1196 3214 parto

126 3225 219 3278 libelli
234 3227 284 3292 sui,
299 3227 347 3278 ubi
361 3227 395 3278 de
408 3227 556 3282 Fraenlreli
570 3245 654 3295 opere
668 3230 802 3283 iudicium
816 3233 930 3299 profert¹
944 3251 1064 3288 necnon
1077 3235 1195 3304 Euesa,

126 3315 178 3382 qni
199 3319 227 3368 et
245 3316 303 3383 ipse
323 3314 473 3370 Fraenkeli
493 3319 597 3370 librum
617 3320 758 3372 recensuit
777 3321 819 3374 in:
841 3319 1060 3391 „Mitteilnngen
1079 3343 1127 3378 aus
1146 3325 1197 3377 der

125 3405 317 3458 historischen
339 3404 515 3458 Litteratur“
545 3407 587 3460 ad.
612 3407 725 3476 Hirseh,
745 3411 823 3475 1884,
848 3412 901 3463 rol,
924 3409 984 3462 XII
1003 3431 1028 3479 p.
1047 3413 1099 3466 303
1123 3433 1195 3481 sqq.;

126 3500 214 3560 atque
226 3493 376 3560 perfectius
391 3497 475 3548 etiam
489 3497 530 3550 in:
545 3495 789 3564 „Wochensohrist
802 3500 846 3551 fiir
859 3501 1009 3553 hlassische
1022 3501 1195 3571 Philologie“

131 3585 214 3648 1884„
222 3599 249 3650 p.
262 3583 313 3635 385
325 3602 383 3651 sqq.
403 3585 481 3638 Conf.
496 3586 630 3640 iudicium
644 3588 718 3654 quod
731 3589 766 3641 de
776 3588 924 3643 Fraeukeli
934 3608 1017 3659 opere
1032 3590 1069 3644 H.
1081 3591 1196 3645 Crohn

126 3666 259 3726 fecit'in:
284 3672 432 3740 „Berliner
450 3676 654 3744 philologische
675 3677 920 3733 Wochenschrift“
942 3681 1009 3733 1884
1028 3699 1056 3748 p.
1066 3681 1118 3734 323
1136 3700 1195 3750 sqq.

128 3760 229 3813 Minus
243 3765 406 3816 accuratum
420 3769 462 3815 est
474 3763 583 3832 fideque
597 3770 682 3833 earet,
703 3768 776 3834 quod
791 3785 825 3820 ex
838 3786 870 3820 eo
883 3769 1038 3836 proiectum
1051 3774 1103 3838 est,
1122 3773 1196 3837 quod

124 3850 179 3902 ille
197 3867 227 3902 re
252 3868 268 3904 a
295 3849 461 3905 Fraenkelio
480 3857 601 3907 tractata
623 3857 707 3908 modo
726 3857 828 3909 leviter
849 3858 972 3910 imbutus
997 3876 1056 3912 esse
1075 3859 1194 3914 videtur.

125 3939 238 3995 Melior
256 3947 299 3994 eat
317 3946 444 3996 extrema
461 3961 525 4013 pars
544 3947 787 4000 commentationis
805 3947 917 4001 Orohni.

1003 4052 1036 4111 1*
