2642 4242
598 245 818 310 „15-

131 484 135 492 .
168 433 285 509 potest.
334 425 418 492 Sunt
450 427 531 490 enim
564 426 645 490 haec
678 428 775 491 verba
799 427 886 510 apud
910 427 1072 499 Curtium:
1107 424 1236 511 „mode

168 536 327 600 rationem
361 534 627 618 clementiamque
660 534 753 616 regis,
789 555 873 619 qnae
899 542 976 599 tunc
1000 533 1070 615 fuit,
1099 535 1153 598 vel
1178 558 1238 598 una

167 642 247 707 haec
280 664 331 707 res
360 642 461 724 possit
495 640 688 706 ostendere“
721 641 776 727 (V.
801 647 831 723 3,
859 642 924 727 15).
972 639 1006 708 Si
1029 664 1105 706 vero
1131 649 1236 706 mente

167 752 325 833 agitamus
342 748 421 812 nihil
439 747 479 811 ab
489 746 680 812 Alexandro
697 771 756 831 pro
772 748 881 814 indole
898 750 966 814 eius
976 749 1102 831 longius
1120 751 1237 815 afuisse

167 879 262 942 quam
288 855 489 920 clementiam
514 854 571 918 sed
594 855 683 920 illum
707 856 882 922 barbarum
910 856 1009 920 fuisse
1039 856 1133 922 nobis
1167 879 1237 920 6611-

166 965 323 1028 iecturam
340 963 447 1028 facere
462 961 571 1026 licebit
586 961 734 1027 Curtium
750 963 834 1028 hanc
850 984 918 1027 rem
935 985 973 1028 ex
989 963 1078 1028 fonte
1095 962 1235 1048 quodam

165 1070 310 1136 hausisse
333 1069 559 1134 Alexandrum
585 1070 678 1134 valde
705 1071 924 1154 praedicante,
954 1072 1044 1134 cuius
1067 1071 1234 1154 scriptoris

136 1215 139 1221 ·
164 1199 272 1260 regem
298 1177 424 1242 adulari
449 1179 580 1263 eiusque
598 1177 800 1242 clementiam
817 1178 980 1243 celebrare
996 1179 1134 1243 maxime
1158 1179 1234 1242 inte·

165 1290 263 1356 reret,
310 1281 407 1367 Quod
436 1284 602 1348 consilium
632 1283 823 1350 Ptolemaeo
854 1284 942 1349 nullo
975 1285 1072 1352 modo
1101 1285 1235 1352 attribui

165 1399 284 1476 potest.
332 1390 418 1473 Quin
444 1392 541 1456 etiam
565 1391 644 1455 mihi
668 1391 817 1456 Curtium
845 1392 929 1456 hanc
952 1395 1176 1461 narrationem
1200 1417 1234 1457 ex

131 1487 134 1494 ⁴
166 1499 333 1565 Clitarcho
358 1499 504 1565 hausisse
528 1499 696 1564 verisimile
720 1521 789 1564 esse
813 1499 948 1572 videtur,
981 1499 1078 1582 Quod
1101 1502 1232 1567 tandem

164 1608 281 1673 attinet
305 1607 347 1672 ad
371 1609 502 1673 tertium
526 1607 631 1672 locum
656 1629 751 1693 quem
767 1607 969 1672 Petersdorff
989 1608 1076 1672 haud
1101 1608 1230 1672 dubium

164 1736 232 1780 esse
245 1721 469 1798 argumentum
485 1715 643 1797 opinionis
657 1737 736 1781 suae
750 1714 859 1780 attulit
873 1755 906 1763 -
923 1721 972 1779 est
983 1723 1089 1780 autern
1102 1715 1230 1780 Curtius

163 1822 231 1893 IX,
256 1827 285 1904 5,
306 1827 343 1886 a]
363 1861 400 1869 —
427 1822 490 1887 hoc
513 1823 586 1890 loco
612 1845 651 1887 ex
667 1845 739 1887 moa
755 1823 915 1888 sententia
929 1823 1018 1886 nullo
1036 1823 1131 1888 modo
1151 1846 1231 1888 6611-

162 1929 295 2014 probari
302 1937 411 2013 potest
420 1930 565 1995 Curtium
577 1930 823 1994 hicPtolemaeo
831 1952 924 1994 usum
934 1952 1013 2011 esse,
1026 1931 1230 1995 utBroeclscr

163 2058 292 2124 quoque
316 2038 398 2102 falso
423 2036 605 2123 putavit-3⁶)
640 2036 714 2120 Qua
736 2037 776 2102 de
799 2059 834 2101 re
851 2060 1018 2121 compares
1036 2039 1230 2123 6116111666-

162 2147 287 2209 ruerint
310 2145 353 2216 A.
383 2144 423 2210 de
448 2143 643 2210 Gutschmid
678 2144 780 2230 (apud
804 2145 937 2227 Kaerst‚
968 2146 987 2216 1,
1012 2166 1038 2213 6,
1063 2150 1101 2228 p‚'
1121 2147 1175 2231 34)
1201 2152 1229 2207 et

161 2252 330 2318 Fraenkel
346 2252 378 2339 (l
405 2275 430 2318 c.
455 2276 486 2336 p.
512 2257 554 2319 la
579 2275 647 2338 sqq,
673 2261 707 2318 et
729 2253 816 2336 255),
865 2252 947 2317 Cum
971 2253 1078 2317 adhuc
1102 2253 1228 2330 nemini,

162 2361 250 2447 quod
284 2361 399 2443 sciam,
433 2362 623 2445 contigerit,
657 2370 693 2426 ut
723 2361 946 2425 Ptolemaeum
980 2382 999 2424 a
1032 2359 1145 2425 Curtio
1181 2383 1228 2425 ex-

163 2469 320 2553 scriptum
355 2491 424 2533 esse
457 2469 580 2533 idoneis
614 2469 788 2559 argmentis
820 2469 991 2552 probaret,
1026 2477 1123 2553 atque
1158 2490 1228 2532 61111

160 2575 322 2642 Arrianus
363 2577 395 2640 in
430 2578 473 2640 eis
505 2576 599 2656 locis,
641 2596 721 2662 quus
755 2598 853 2658 supra
889 2578 1069 2656 attulimus,
1103 2583 1227 2640 tanturn

160 2687 257 2755 modo
282 2707 321 2750 ex
345 2685 469 2750 duobus
494 2683 636 2748 lontibus
662 2685 777 2769 quibus
795 2685 968 2768 praecipue
985 2685 1097 2767 utitur,
1121 2683 1229 2748 Ptole-

161 2816 253 2859 maeo
278 2800 311 2858 et
334 2793 535 2874 Aristobulo,
570 2792 722 2874 hauserit,
757 2793 897 2877 quinque
923 2793 1021 2874 igitur
1044 2793 1132 2856 locos
1157 2813 1226 2855 6611-

160 2910 311 2984 grueutes
337 2923 356 2965 a
380 2901 472 2965 nobis
497 2900 599 2984 paulo
619 2908 699 2984 ,ante
724 2886 840 2965 allatos
870 2923 907 2966 eo
931 2901 1028 2964 modo
1052 2899 1227 2981 intelligere

159 3011 347 3094 poterimus,
380 3019 415 3073 ut
440 3008 570 3074 Curtius
595 3007 787 3073 Aristobulo
821 3031 896 3072 usus
929 3009 970 3072 sit
1002 3015 1099 3092 atque
1128 3007 1161 3069 id
1191 3027 1226 3069 66

160 3118 282 3182 maiore
306 3116 544 3200 probabilitate,
571 3115 656 3199 quod
675 3115 737 3178 loci
754 3123 964 3197 congruentes
981 3117 1065 3179 inter
1082 3111 1223 3178 Curtium

160 3232 191 3290 et
222 3223 404 3289 Aristobuli
444 3223 627 3305 fragmenta
656 3223 921 3308 inveniuntursst)
977 3221 1100 3304 Quibus
1132 3220 1224 3284 rebus

160 3334 313 3416 expositis
351 3332 447 3394 liceat
479 3330 557 3393 mihi
588 3330 676 3393 locos
709 3330 867 3412 quosdam
900 3329 986 3411 apud
1018 3326 1164 3392 Curtium
1197 3332 1225 3386 et

159 3441 337 3506 Arrianum
358 3445 510 3520 tractare,
535 3439 566 3501 in
586 3439 701 3520 quibus
718 3438 830 3502 eadem
847 3437 976 3520 quidem
993 3436 1081 3499 iacta
1097 3456 1224 3498 narran-

149 3710 152 3721 “
229 3709 262 3775 36)
284 3709 473 3762 Broecker:
494 3707 571 3760 Mod.
592 3706 837 3774 Qurrllenforscher
856 3724 882 3775 p.
906 3707 946 3759 10.

230 3797 262 3867 37)
283 3797 318 3849 of.
341 3797 484 3852 Kaerst:
505 3797 523 3849 l.
543 3814 566 3849 c.
587 3814 612 3865 p.
632 3794 667 3848 19
687 3801 716 3848 61
734 3795 916 3848 Broeeker:
941 3795 1076 3848 Moderne
1096 3793 1222 3862 Quelleu·

165 3886 290 3940 lorsoher
307 3904 333 3956 p.
354 3885 397 3938 11.
