2642 4242
377 167 434 226 '-
540 181 592 263 ,ιι

23 353 163 424 nomine
175 382 204 428 a
220 361 298 430 Iuba
317 383 396 456 rege
408 401 412 410 ·
423 373 456 428 et
473 355 631 450 scriptore
643 357 814 452 notissimp
833 355 957 427 editum
977 381 1048 428 esse
1061 385 1106 433 ex
1141 358 1143 361 ’

29 456 223 548 difficillimo
243 463 340 531 Plinii
358 467 433 531 loco
456 463 509 544 (N.
529 462 572 529 H.
594 461 654 531 Vl.
674 487 704 531 c.
724 466 795 542 26.)
819 465 987 554 cognitum
998 481 1064 534 rest.

134 565 385 656 Navigationem
404 563 493 631 illam
515 564 555 630 ab
577 555 660 630 Iudi
678 564 835 654 capitibus
862 588 964 656 nsque
992 570 1088 635 ad
1058 596 1106 638 sr-

30 685 112 730 uum
130 667 296 734 Persicum
315 661 346 734 el
368 667 541 758 Euphratis
559 665 641 735 ostia
655 666 865 736 Alexandri'
853 693 942 735 iussn
955 671 1105 742 Nearcho
1155 673 1158 677 ’

30 777 64 828 et
89 751 272 837 Onesicrito
296 767 430 835 ducibus
455 793 571 836 revera
599 791 671 834 esse
692 767 866 834 institutam
878 778 993 860 atque
1009 797 1106 865 pera·
1145 840 1148 844 A
1187 763 1197 787 ⁸
1228 852 1231 863 .
1280 767 1285 777 ⁴

32 879 137 952 ctam,
158 870 250 936 vel''
225 895 251 960 ιι
271 893 336 938 nou
359 868 429 935 ausi
449 883 521 935 sunt
541 867 576 935 in
595 867 861 959 disceptationem
885 894 1021 956 vocare,
1048 875 1107 964 qni

29 967 131 1035 huius
140 970 353 1061 navigationis
365 969 611 1068 descriptiones,
629 972 779 1060 quaesub
791 971 931 1038 Nearchi
946 987 977 1040 et
985 973 1104 1043 Onesi-

30 1069 108 1135 criti
128 1072 312 1140 nominibus
333 1071 494 1140 extiterint
512 1086 544 1138 et
560 1095 710 1160 magnam
724 1087 849 1160 partem
868 1073 970 1142 hodie
984 1091 1104 1166 extent,
1158 1089 1167 1101 '

29 1169 86 1235 his
109 1169 292 1241 auctoribus
312 1171 583 1242 confidentissime
597 1169 826 1240 abiudioaudas
845 1194 1047 1248 censuerunt.
1055 1181 1105 1267 ¹)
1159 1197 1176 1222 ⁶

32 1271 141 1360 Atqui
168 1299 208 1340 ea
228 1275 270 1343 'de
295 1301 331 1343 re
350 1299 447 1344 nemo
466 1273 658 1358 intercedet,
682 1292 749 1358 quo
781 1274 888 1343 minus
913 1279 1086 1346 horum
1051 1307 1104 1350 ιι-

30 1391 150 1440 rornm
168 1389 304 1468 uterque
318 1401 526 1470 quaecunque
544 1390 726 1444 memoratu
741 1374 866 1468 digua
854 1392 939 1447 mter
951 1381 1034 1449 hauc
1047 1407 1108 1458 ua-

30 1476 236 1564 vigati'oneur
247 1480 328 1572 ipsis
345 1479 526 1548 evenissent
544 1477 781 1545 accuratissime
804 1493 837 1546 et
855 1483 1057 1552 annotaverit
1075 1500 1108 1556 et
1146 1561 1149 1564 ,

33 1575 80 1643 ad
114 1603 227 1670 regem
260 1607 371 1649 rerum
405 1577 696 1672 geographicarum
734 1578 1006 1653 studiosissimum
1039 1587 1108 1674 (cf.

33 1682 144 1750 Streb.
165 1685 238 1754 Τ.Ι.
258 1710 293 1776 p.
285 1687 380 1754 ..187
403 1696 435 1750 et
455 1682 534 1749 Arr.
554 1678 638 1748 Hist.
659 1679 732 1748 Iud.
743 1681 888 1750 XXXII.
908 1692 935 1763 5.
949 1687 1000 1756 14.
1019 1689 1109 1782 sqq.)

37 1786 199 1853 retulerit.
250 1787 360 1874 Quare
388 1781 608 1853 Onesicritnm
633 1781 700 1863 (de
727 1782 878 1852 Nearcho
907 1784 995 1852 enim
1022 1787 1109 1857 infra

33 1885 247 1974 videbimus)
275 1887 448 1979 aliquando
482 1885 577 1952 huius
611 1883 829 1974 navigationis
855 1884 1109 1980 descriptionem

36 1992 213 2084 scripsisse
251 2008 341 2060 extre
375 2013 507 2060 omnem
542 1985 774 2054 dubitationem
801 1982 933 2059 vide’tur
962 1991 1109 2080 positum

36 2117 124 2160 esse.
168 2095 343 2180 Quaeritur
360 2107 498 2172 tantum,
518 2088 659 2206 primum
677 2111 755 2154 uum
777 2086 1024 2186 Onesicritus
996 2117 1111 2184 srngn-

35 2197 143 2262 larem
155 2197 274 2264 librum
282 2194 409 2285 Parnpli
422 2189 540 2258 titulo
529 2190 721 2281 1uscriptum
731 2188 803 2279 ipsc
819 2189 967 2275 ediderit,
989 2192 1111 2299 deinde

36 2323 120 2364 num
144 2319 229 2383 qnae
249 2325 268 2366 a
285 2299 366 2366 Iuba
386 2293 569 2362 Mauriteuo
591 2291 650 2364 sub
670 2292 734 2357 hoo
754 2289 848 2359 titulo
869 2289 1012 2384 primurn
1033 2291 1110 2364 cum

34 2399 198 2466 Romanis
219 2397 453 2468 communicata
474 2409 548 2466 suut
568 2394 610 2460 ad
623 2390 842 2461 Onesicritum
855 2407 1020 2461 auctorem
1038 2395 1111 2464 iure

35 2503 105 2569 sint
124 2502 373 2570 referendai-
393 2499 575 2588 Utrumque
600 2495 781 2589 praefracte
798 2494 929 2586 negavit
949 2495 1113 2567 Dodwel-

35 2608 91 2670 lus
114 2605 149 2680 (l.
172 2606 236 2692 ο.,)
265 2605 359 2700 atque
382 2602 580 2694 aliquatenus
608 2623 669 2666 uos
690 2617 822 2686 quoque
850 2596 882 2662 ei
910 2599 1111 2686 assentimur,
1158 2620 1167 2639 ι
1224 2655 1228 2662 .

36 2703 191 2796 quamvis
212 2705 346 2796 quaein
366 2702 554 2772 uuiversum
574 2699 626 2768 vir
645 2699 759 2766 doctus
781 2697 923 2765 dictione
941 2700 1017 2766 satis
1046 2701 1113 2770 dif-

36 2808 117 2875 fusa
146 2811 210 2876 hoc
237 2811 312 2876 loco
341 2805 533 2897 disputavit,
567 2817 599 2869 et
634 2800 705 2867 aliis
739 2797 903 2867 erroribus
932 2815 1054 2868 scatent
1081 2799 1114 2870 e't

38 2935 116 2977 eam
138 2907 342 3000 potissimum
364 2910 407 2976 ob
428 2931 556 2973 oausam
577 2901 718 2972 notanda
734 2915 817 2985 sunt,
837 2899 938 2990 quod
948 2900 1116 2972 Onesicri-

37 3024 114 3076 tum
143 3009 276 3099 eiusque
297 3007 416 3099 scripta
436 3031 557 3096 neque,
601 3019 635 3070 ut
656 3027 717 3094 par
745 3014 831 3084 erat,
860 3001 991 3090 cognita
1017 3006 1116 3072 habet

38 3133 152 3197 neque
169 3133 188 3175 e
208 3106 407 3174 Nearcho
378 3131 511 3196 esusque
532 3103 659 3196 scriptis
680 3100 785 3192 probe
805 3051 968 3169 discernit.
1010 3103 1117 3172 Nimi-

37 3235 119 3278 rum
140 3209 235 3278 uobis
258 3232 387 3299 quoque
408 3229 597 3330 persuasum
618 3216 677 3287 est,
697 3224 862 3290 uunquam
882 3199 926 3267 ab
942 3188 1118 3272 Onesicri

39 3326 79 3380 to
101 3309 299 3428 singplarem
325 3310 535 3400 scriptionem
555 3255 677 3373 editahi
702 3325 792 3387 esse,
815 3327 899 3394 quae
919 3304 1048 3397 Parapli
1075 3305 1121 3372 ti-

40 3414 183 3481 tulum
171 3437 206 3480 un
227 3412 336 3482 fronte
356 3425 500 3504 gereret,
533 3408 624 3498 quia,
644 3405 682 3472 id
717 3405 807 3494 quod
827 3429 906 3474 vere
923 3406 1119 3475 Dodwellus

41 3515 252 3598 observavit,
270 3538 337 3582 uno
364 3512 462 3581 Plinii
482 3515 558 3580 loco
585 3521 723 3600 excepto
750 3531 794 3574 ne
819 3506 1018 3575 lenissimum
1045 3507 1121 3599 qui-

41 3623 126 3688 dem
148 3618 216 3686 eius
236 3607 288 3685 rei
312 3614 486 3707 vestigium
512 3610 682 3704 reperitur.
727 3607 818 3696 Quid
843 3632 925 3679 vero
952 3609 995 3678 de
1021 3611 1121 3680 Plinii

42 3729 125 3792 loco
165 3721 206 3789 sit
240 3717 460 3802 statuendum,
505 3739 585 3783 mox
619 3711 815 3781 videbimus.
873 3710 962 3798 Quid
997 3710 1122 3802 igitur?

44 3827 139 3895 Num
175 3819 332 3892 credibile
374 3833 439 3906 est,
482 3814 699 3910 navigationis
742 3812 836 3906 istius
869 3810 1122 3906 descriptionem

154 4059 184 4128 1)
207 4059 313 4116 ooaw.
334 4059 451 4117 usses.
469 4058 506 4114 ee
530 4059 592 4132 ss,
620 4055 740 4111 nens.
753 4056 776 4123 ι.
789 4057 815 4112 o.
834 4051 878 4122 (ιι
890 4053 953 4111 sn.
967 4051 1038 4109 nst.
1057 4034 1135 4111 rna..

50 4140 101 4198 ed.
115 4142 307 4200 Schmied..o.
319 4145 390 4200 atet
407 4153 436 4200 et
449 4143 570 4200 Rchleu.
586 4137 700 4196 devm
716 4139 813 4193 lud.1.
835 4156 864 4202 p.
877 4140 923 4195 to.
