<?xml version="1.0" encoding="UTF-8"?>
<!DOCTYPE html PUBLIC "-//W3C//DTD XHTML 1.0 Transitional//EN"
    "http://www.w3.org/TR/xhtml1/DTD/xhtml1-transitional.dtd">
<html xmlns="http://www.w3.org/1999/xhtml" xml:lang="en" lang="en">
 <head>
  <title>
</title>
<meta http-equiv="Content-Type" content="text/html;charset=utf-8" />
  <meta name='ocr-system' content='tesseract 3.04.00' />
  <meta name='ocr-capabilities' content='ocr_page ocr_carea ocr_par ocr_line ocrx_word'/>
</head>
<body>
  <div class='ocr_page' id='page_1' title='image "./commentationisd00geiegoog_0108.png"; bbox 0 0 2642 4242; ppageno 0'>
   <div class='ocr_carea' id='block_1_1' title="bbox 540 261 760 319">
    <p class='ocr_par' dir='ltr' id='par_1_1' title="bbox 540 261 760 319">
     <span class='ocr_line' id='line_1_1' title="bbox 540 261 760 319; baseline -0.018 -1"><span class='ocrx_word' id='word_1_1' title='bbox 540 261 760 319; x_wconf 80' lang='grc'><strong>-511-</strong></span> 
     </span>
    </p>
   </div>
   <div class='ocr_carea' id='block_1_2' title="bbox 63 431 1194 1796">
    <p class='ocr_par' dir='ltr' id='par_1_2' title="bbox 63 431 1194 1796">
     <span class='ocr_line' id='line_1_2' title="bbox 115 431 1194 516; baseline 0.003 -20"><span class='ocrx_word' id='word_1_2' title='bbox 115 437 190 496; x_wconf 87' lang='lat' dir='ltr'><strong>utar</strong></span> <span class='ocrx_word' id='word_1_3' title='bbox 219 431 271 495; x_wconf 91' lang='lat' dir='ltr'><strong>his</strong></span> <span class='ocrx_word' id='word_1_4' title='bbox 304 431 408 496; x_wconf 87' lang='lat' dir='ltr'><strong>verbis</strong></span> <span class='ocrx_word' id='word_1_5' title='bbox 439 432 472 495; x_wconf 93' lang='lat' dir='ltr'><strong>in</strong></span> <span class='ocrx_word' id='word_1_6' title='bbox 505 433 524 516; x_wconf 63' lang='grc' dir='ltr'>ξ</span> <span class='ocrx_word' id='word_1_7' title='bbox 558 437 613 502; x_wconf 83' lang='grc'><strong>14;</strong></span> <span class='ocrx_word' id='word_1_8' title='bbox 647 433 831 512; x_wconf 74' lang='lat' dir='ltr'><strong>„arcessitis</strong></span> <span class='ocrx_word' id='word_1_9' title='bbox 855 454 930 497; x_wconf 83' lang='lat' dir='ltr'><strong>mox</strong></span> <span class='ocrx_word' id='word_1_10' title='bbox 962 433 1119 514; x_wconf 85' lang='lat' dir='ltr'><strong>auxiliis“‚</strong></span> <span class='ocrx_word' id='word_1_11' title='bbox 1156 433 1194 499; x_wconf 91' lang='lat' dir='ltr'><strong>id</strong></span> 
     </span>
     <span class='ocr_line' id='line_1_3' title="bbox 114 532 1190 624; baseline 0.005 -23"><span class='ocrx_word' id='word_1_12' title='bbox 114 532 204 620; x_wconf 82' lang='lat' dir='ltr'><strong>quod</strong></span> <span class='ocrx_word' id='word_1_13' title='bbox 229 545 289 606; x_wconf 89' lang='lat' dir='ltr'><strong>est:</strong></span> <span class='ocrx_word' id='word_1_14' title='bbox 312 547 486 622; x_wconf 79' lang='lat' dir='ltr'><strong>postquam</strong></span> <span class='ocrx_word' id='word_1_15' title='bbox 503 561 521 602; x_wconf 88' lang='lat' dir='ltr'><strong>a</strong></span> <span class='ocrx_word' id='word_1_16' title='bbox 539 537 860 622; x_wconf 79' lang='lat' dir='ltr'><strong>Carthaginiensibus</strong></span> <span class='ocrx_word' id='word_1_17' title='bbox 877 539 998 604; x_wconf 84' lang='lat' dir='ltr'><strong>auxilia</strong></span> <span class='ocrx_word' id='word_1_18' title='bbox 1013 541 1190 624; x_wconf 84' lang='lat' dir='ltr'><strong>petierunt.</strong></span> 
     </span>
     <span class='ocr_line' id='line_1_4' title="bbox 63 638 1191 732; baseline 0.004 -24"><span class='ocrx_word' id='word_1_19' title='bbox 63 638 67 648; x_wconf 45' lang='lat'><strong><em>¹</em></strong></span> <span class='ocrx_word' id='word_1_20' title='bbox 115 645 391 728; x_wconf 83' lang='lat' dir='ltr'><strong>Interpretatione</strong></span> <span class='ocrx_word' id='word_1_21' title='bbox 432 652 505 728; x_wconf 85' lang='lat' dir='ltr'><strong>eget</strong></span> <span class='ocrx_word' id='word_1_22' title='bbox 536 645 588 709; x_wconf 93' lang='lat' dir='ltr'><strong>hic</strong></span> <span class='ocrx_word' id='word_1_23' title='bbox 619 668 748 732; x_wconf 91' lang='lat' dir='ltr'><strong>quoque</strong></span> <span class='ocrx_word' id='word_1_24' title='bbox 782 647 872 710; x_wconf 88' lang='lat' dir='ltr'><strong>locus</strong></span> <span class='ocrx_word' id='word_1_25' title='bbox 904 647 992 728; x_wconf 88' lang='lat' dir='ltr'><strong>apud</strong></span> <span class='ocrx_word' id='word_1_26' title='bbox 1025 647 1191 713; x_wconf 89' lang='lat' dir='ltr'><strong>Iustinum</strong></span> 
     </span>
     <span class='ocr_line' id='line_1_5' title="bbox 117 751 1190 839; baseline 0.002 -23"><span class='ocrx_word' id='word_1_27' title='bbox 117 751 192 836; x_wconf 86' lang='lat' dir='ltr'>(XI.</span> <span class='ocrx_word' id='word_1_28' title='bbox 221 756 271 833; x_wconf 86' lang='lat'><strong>10,</strong></span> <span class='ocrx_word' id='word_1_29' title='bbox 294 756 347 837; x_wconf 82' lang='lat'><strong>14)</strong></span> <span class='ocrx_word' id='word_1_30' title='bbox 373 774 460 833; x_wconf 68' lang='lat' dir='ltr'><strong>‚pion</strong></span> <span class='ocrx_word' id='word_1_31' title='bbox 483 773 600 835; x_wconf 85' lang='lat' dir='ltr'><strong>magno</strong></span> <span class='ocrx_word' id='word_1_32' title='bbox 623 762 699 836; x_wconf 88' lang='lat' dir='ltr'><strong>post</strong></span> <span class='ocrx_word' id='word_1_33' title='bbox 722 762 867 838; x_wconf 85' lang='lat' dir='ltr'><strong>tempore</strong></span> <span class='ocrx_word' id='word_1_34' title='bbox 892 753 1094 839; x_wconf 82' lang='lat' dir='ltr'><strong>capiuntur.“</strong></span> <span class='ocrx_word' id='word_1_35' title='bbox 1126 754 1190 818; x_wconf 89' lang='lat' dir='ltr'><strong>Ad</strong></span> 
     </span>
     <span class='ocr_line' id='line_1_6' title="bbox 116 858 1191 946; baseline 0.007 -25"><span class='ocrx_word' id='word_1_36' title='bbox 116 858 178 922; x_wconf 90' lang='lat' dir='ltr'><strong>hoo</strong></span> <span class='ocrx_word' id='word_1_37' title='bbox 211 859 358 923; x_wconf 78' lang='lat' dir='ltr'><strong>conferas</strong></span> <span class='ocrx_word' id='word_1_38' title='bbox 383 858 531 924; x_wconf 71' lang='lat' dir='ltr'><strong>Ctntium</strong></span> <span class='ocrx_word' id='word_1_39' title='bbox 555 859 615 925; x_wconf 89' lang='lat' dir='ltr'><strong>IV.</strong></span> <span class='ocrx_word' id='word_1_40' title='bbox 639 863 671 941; x_wconf 84' lang='lat'><strong>3,</strong></span> <span class='ocrx_word' id='word_1_41' title='bbox 699 863 738 926; x_wconf 84' lang='lat'><strong>19</strong></span> <span class='ocrx_word' id='word_1_42' title='bbox 772 861 826 924; x_wconf 93' lang='lat' dir='ltr'><strong>ubi</strong></span> <span class='ocrx_word' id='word_1_43' title='bbox 850 861 957 946; x_wconf 85' lang='lat' dir='ltr'><strong>agitur</strong></span> <span class='ocrx_word' id='word_1_44' title='bbox 982 860 1022 924; x_wconf 89' lang='lat' dir='ltr'><strong>de</strong></span> <span class='ocrx_word' id='word_1_45' title='bbox 1045 860 1191 928; x_wconf 87' lang='lat' dir='ltr'><strong>adventu</strong></span> 
     </span>
     <span class='ocr_line' id='line_1_7' title="bbox 116 965 1187 1049; baseline 0.003 -20"><span class='ocrx_word' id='word_1_46' title='bbox 116 965 247 1030; x_wconf 86' lang='lat' dir='ltr'><strong>alterins</strong></span> <span class='ocrx_word' id='word_1_47' title='bbox 271 967 442 1049; x_wconf 79' lang='lat' dir='ltr'><strong>legationis</strong></span> <span class='ocrx_word' id='word_1_48' title='bbox 464 967 803 1049; x_wconf 85' lang='lat' dir='ltr'><strong>Charthaginiensium</strong></span> <span class='ocrx_word' id='word_1_49' title='bbox 828 967 886 1030; x_wconf 87' lang='lat' dir='ltr'><strong>sub</strong></span> <span class='ocrx_word' id='word_1_50' title='bbox 910 966 973 1030; x_wconf 87' lang='lat' dir='ltr'><strong>fine</strong></span> <span class='ocrx_word' id='word_1_51' title='bbox 999 967 1187 1040; x_wconf 80' lang='lat' dir='ltr'><strong>obsidionis,</strong></span> 
     </span>
     <span class='ocr_line' id='line_1_8' title="bbox 114 1062 1190 1156; baseline 0.004 -21"><span class='ocrx_word' id='word_1_52' title='bbox 114 1071 219 1155; x_wconf 72' lang='lat' dir='ltr'><strong>&#39;lyras</strong></span> <span class='ocrx_word' id='word_1_53' title='bbox 255 1084 372 1138; x_wconf 89' lang='lat' dir='ltr'><strong>autem·</strong></span> <span class='ocrx_word' id='word_1_54' title='bbox 396 1062 493 1155; x_wconf 87' lang='lat' dir='ltr'><strong>paulo</strong></span> <span class='ocrx_word' id='word_1_55' title='bbox 525 1082 599 1156; x_wconf 93' lang='lat' dir='ltr'><strong>post</strong></span> <span class='ocrx_word' id='word_1_56' title='bbox 641 1075 815 1139; x_wconf 87' lang='lat' dir='ltr'><strong>adventum</strong></span> <span class='ocrx_word' id='word_1_57' title='bbox 847 1074 978 1138; x_wconf 87' lang='lat' dir='ltr'><strong>alterius</strong></span> <span class='ocrx_word' id='word_1_58' title='bbox 1016 1073 1190 1156; x_wconf 79' lang='lat' dir='ltr'><strong>legationis</strong></span> 
     </span>
     <span class='ocr_line' id='line_1_9' title="bbox 116 1178 1191 1261; baseline 0.002 -18"><span class='ocrx_word' id='word_1_59' title='bbox 116 1186 213 1261; x_wconf 89' lang='lat' dir='ltr'><strong>capta</strong></span> <span class='ocrx_word' id='word_1_60' title='bbox 246 1188 304 1251; x_wconf 74' lang='lat' dir='ltr'><strong>est,</strong></span> <span class='ocrx_word' id='word_1_61' title='bbox 352 1178 425 1261; x_wconf 76' lang='lat' dir='ltr'><strong>Qua</strong></span> <span class='ocrx_word' id='word_1_62' title='bbox 460 1180 500 1244; x_wconf 91' lang='lat' dir='ltr'><strong>de</strong></span> <span class='ocrx_word' id='word_1_63' title='bbox 533 1202 631 1245; x_wconf 81' lang='lat' dir='ltr'><strong>carisa</strong></span> <span class='ocrx_word' id='word_1_64' title='bbox 664 1182 821 1246; x_wconf 82' lang='lat' dir='ltr'><strong>versimile</strong></span> <span class='ocrx_word' id='word_1_65' title='bbox 855 1179 934 1245; x_wconf 89' lang='lat' dir='ltr'><strong>mihi</strong></span> <span class='ocrx_word' id='word_1_66' title='bbox 967 1202 1037 1245; x_wconf 90' lang='lat' dir='ltr'><strong>esse</strong></span> <span class='ocrx_word' id='word_1_67' title='bbox 1060 1180 1191 1245; x_wconf 88' lang='lat' dir='ltr'><strong>videtur</strong></span> 
     </span>
     <span class='ocr_line' id='line_1_10' title="bbox 115 1286 1190 1370; baseline 0.003 -21"><span class='ocrx_word' id='word_1_68' title='bbox 115 1286 276 1363; x_wconf 88' lang='lat' dir='ltr'><strong>Iustinum</strong></span> <span class='ocrx_word' id='word_1_69' title='bbox 309 1287 411 1350; x_wconf 88' lang='lat' dir='ltr'><strong>simile</strong></span> <span class='ocrx_word' id='word_1_70' title='bbox 437 1288 559 1369; x_wconf 81' lang='lat' dir='ltr'><strong>aliquid</strong></span> <span class='ocrx_word' id='word_1_71' title='bbox 584 1288 623 1353; x_wconf 90' lang='lat' dir='ltr'><strong>de</strong></span> <span class='ocrx_word' id='word_1_72' title='bbox 647 1289 752 1353; x_wconf 89' lang='lat' dir='ltr'><strong>altera</strong></span> <span class='ocrx_word' id='word_1_73' title='bbox 775 1289 936 1370; x_wconf 87' lang='lat' dir='ltr'><strong>legatione</strong></span> <span class='ocrx_word' id='word_1_74' title='bbox 959 1289 990 1350; x_wconf 90' lang='lat' dir='ltr'><strong>in</strong></span> <span class='ocrx_word' id='word_1_75' title='bbox 1015 1287 1104 1352; x_wconf 82' lang='lat' dir='ltr'><strong>fonte</strong></span> <span class='ocrx_word' id='word_1_76' title='bbox 1128 1307 1190 1352; x_wconf 91' lang='lat' dir='ltr'><strong>suo</strong></span> 
     </span>
     <span class='ocr_line' id='line_1_11' title="bbox 114 1394 1190 1478; baseline 0.002 -22"><span class='ocrx_word' id='word_1_77' title='bbox 114 1394 272 1458; x_wconf 89' lang='lat' dir='ltr'><strong>invenisse</strong></span> <span class='ocrx_word' id='word_1_78' title='bbox 296 1401 395 1475; x_wconf 87' lang='lat' dir='ltr'><strong>atque</strong></span> <span class='ocrx_word' id='word_1_79' title='bbox 420 1415 568 1476; x_wconf 86' lang='lat' dir='ltr'><strong>perverse</strong></span> <span class='ocrx_word' id='word_1_80' title='bbox 583 1397 832 1478; x_wconf 88' lang='lat' dir='ltr'><strong>interpretatum</strong></span> <span class='ocrx_word' id='word_1_81' title='bbox 852 1416 941 1465; x_wconf 86' lang='lat' dir='ltr'><strong>esse:</strong></span> <span class='ocrx_word' id='word_1_82' title='bbox 967 1415 1053 1475; x_wconf 83' lang='lat' dir='ltr'><strong>„uon</strong></span> <span class='ocrx_word' id='word_1_83' title='bbox 1067 1413 1190 1476; x_wconf 83' lang='lat' dir='ltr'><strong>magno</strong></span> 
     </span>
     <span class='ocr_line' id='line_1_12' title="bbox 114 1499 1192 1585; baseline 0 -21"><span class='ocrx_word' id='word_1_84' title='bbox 114 1508 190 1584; x_wconf 90' lang='lat' dir='ltr'><strong>post</strong></span> <span class='ocrx_word' id='word_1_85' title='bbox 212 1507 359 1583; x_wconf 88' lang='lat' dir='ltr'><strong>tempore</strong></span> <span class='ocrx_word' id='word_1_86' title='bbox 383 1503 587 1583; x_wconf 80' lang='lat' dir='ltr'><strong>capiuntnr·.·‘</strong></span> <span class='ocrx_word' id='word_1_87' title='bbox 627 1501 764 1585; x_wconf 76' lang='lat' dir='ltr'><strong>Quaen</strong></span> <span class='ocrx_word' id='word_1_88' title='bbox 788 1524 823 1566; x_wconf 91' lang='lat' dir='ltr'><strong>re</strong></span> <span class='ocrx_word' id='word_1_89' title='bbox 847 1503 889 1566; x_wconf 91' lang='lat' dir='ltr'><strong>ab</strong></span> <span class='ocrx_word' id='word_1_90' title='bbox 914 1501 1042 1567; x_wconf 89' lang='lat' dir='ltr'><strong>Iustino</strong></span> <span class='ocrx_word' id='word_1_91' title='bbox 1065 1499 1192 1564; x_wconf 89' lang='lat' dir='ltr'><strong>tradita</strong></span> 
     </span>
     <span class='ocr_line' id='line_1_13' title="bbox 116 1606 1191 1692; baseline 0.003 -23"><span class='ocrx_word' id='word_1_92' title='bbox 116 1606 208 1670; x_wconf 88' lang='lat' dir='ltr'><strong>nobis</strong></span> <span class='ocrx_word' id='word_1_93' title='bbox 239 1607 377 1672; x_wconf 86' lang='lat' dir='ltr'><strong>fortasse</strong></span> <span class='ocrx_word' id='word_1_94' title='bbox 409 1609 507 1672; x_wconf 90' lang='lat' dir='ltr'><strong>liceat</strong></span> <span class='ocrx_word' id='word_1_95' title='bbox 539 1611 683 1672; x_wconf 81' lang='lat' dir='ltr'><strong>conicere</strong></span> <span class='ocrx_word' id='word_1_96' title='bbox 707 1607 898 1692; x_wconf 87' lang='lat' dir='ltr'><strong>Pompeium</strong></span> <span class='ocrx_word' id='word_1_97' title='bbox 923 1609 1065 1690; x_wconf 80' lang='lat' dir='ltr'><strong>Trogum</strong></span> <span class='ocrx_word' id='word_1_98' title='bbox 1090 1607 1191 1672; x_wconf 90' lang='lat' dir='ltr'><strong>tertio</strong></span> 
     </span>
     <span class='ocr_line' id='line_1_14' title="bbox 115 1713 705 1796; baseline 0.003 -20"><span class='ocrx_word' id='word_1_99' title='bbox 115 1735 244 1796; x_wconf 87' lang='lat' dir='ltr'><strong>quoque</strong></span> <span class='ocrx_word' id='word_1_100' title='bbox 268 1713 357 1779; x_wconf 87' lang='lat' dir='ltr'><strong>fonte</strong></span> <span class='ocrx_word' id='word_1_101' title='bbox 382 1714 485 1780; x_wconf 88' lang='lat' dir='ltr'><strong>Curtii</strong></span> <span class='ocrx_word' id='word_1_102' title='bbox 509 1739 602 1779; x_wconf 83' lang='lat' dir='ltr'><strong>nsum</strong></span> <span class='ocrx_word' id='word_1_103' title='bbox 626 1737 705 1786; x_wconf 74' lang='lat' dir='ltr'><strong>esse,</strong></span> 
     </span>
    </p>
   </div>
   <div class='ocr_carea' id='block_1_3' title="bbox 200 1873 1095 1979">
    <p class='ocr_par' dir='ltr' id='par_1_3' title="bbox 200 1873 1095 1979">
     <span class='ocr_line' id='line_1_15' title="bbox 200 1873 1095 1979; baseline 0.001 -23"><span class='ocrx_word' id='word_1_104' title='bbox 200 1873 222 1979; x_wconf 66' lang='grc' dir='ltr'>ξ</span> <span class='ocrx_word' id='word_1_105' title='bbox 253 1877 289 1956; x_wconf 84' lang='grc'><strong>6.</strong></span> <span class='ocrx_word' id='word_1_106' title='bbox 339 1873 981 1972; x_wconf 70' lang='grc'><strong>11001011000600110010011100</strong></span> <span class='ocrx_word' id='word_1_107' title='bbox 1013 1876 1095 1958; x_wconf 84' lang='lat' dir='ltr'><strong>suis</strong></span> 
     </span>
    </p>
   </div>
   <div class='ocr_carea' id='block_1_4' title="bbox 557 2002 751 2084">
    <p class='ocr_par' dir='ltr' id='par_1_4' title="bbox 557 2002 751 2084">
     <span class='ocr_line' id='line_1_16' title="bbox 557 2002 751 2084; baseline -0.01 -2"><span class='ocrx_word' id='word_1_108' title='bbox 557 2020 650 2083; x_wconf 86' lang='lat' dir='ltr'><strong>usus</strong></span> <span class='ocrx_word' id='word_1_109' title='bbox 679 2002 751 2084; x_wconf 82' lang='lat' dir='ltr'><strong>sit</strong></span> 
     </span>
    </p>
   </div>
   <div class='ocr_carea' id='block_1_5' title="bbox 43 2142 1193 3951">
    <p class='ocr_par' dir='ltr' id='par_1_5' title="bbox 43 2142 1193 3951">
     <span class='ocr_line' id='line_1_17' title="bbox 203 2142 1190 2226; baseline 0.001 -20"><span class='ocrx_word' id='word_1_110' title='bbox 203 2142 465 2206; x_wconf 83' lang='lat' dir='ltr'><strong>Fundamentum</strong></span> <span class='ocrx_word' id='word_1_111' title='bbox 475 2143 568 2206; x_wconf 85' lang='lat' dir='ltr'><strong>huius</strong></span> <span class='ocrx_word' id='word_1_112' title='bbox 580 2143 775 2224; x_wconf 85' lang='lat' dir='ltr'><strong>quaestionis</strong></span> <span class='ocrx_word' id='word_1_113' title='bbox 787 2150 835 2207; x_wconf 88' lang='lat' dir='ltr'><strong>est</strong></span> <span class='ocrx_word' id='word_1_114' title='bbox 841 2143 989 2207; x_wconf 88' lang='lat' dir='ltr'><strong>Kaerstii</strong></span> <span class='ocrx_word' id='word_1_115' title='bbox 1000 2142 1190 2226; x_wconf 82' lang='lat' dir='ltr'><strong>disputatio.</strong></span> 
     </span>
     <span class='ocr_line' id='line_1_18' title="bbox 112 2248 1193 2335; baseline -0.002 -19"><span class='ocrx_word' id='word_1_116' title='bbox 112 2253 216 2316; x_wconf 87' lang='lat' dir='ltr'><strong>Recte</strong></span> <span class='ocrx_word' id='word_1_117' title='bbox 240 2251 324 2314; x_wconf 88' lang='lat' dir='ltr'><strong>enim</strong></span> <span class='ocrx_word' id='word_1_118' title='bbox 348 2252 396 2312; x_wconf 81' lang='lat' dir='ltr'><strong>vir</strong></span> <span class='ocrx_word' id='word_1_119' title='bbox 419 2251 473 2313; x_wconf 90' lang='lat' dir='ltr'><strong>ille</strong></span> <span class='ocrx_word' id='word_1_120' title='bbox 498 2250 702 2314; x_wconf 85' lang='lat' dir='ltr'><strong>doctissimus</strong></span> <span class='ocrx_word' id='word_1_121' title='bbox 727 2249 767 2313; x_wconf 87' lang='lat' dir='ltr'><strong>de</strong></span> <span class='ocrx_word' id='word_1_122' title='bbox 794 2249 857 2314; x_wconf 88' lang='lat' dir='ltr'><strong>bac</strong></span> <span class='ocrx_word' id='word_1_123' title='bbox 879 2271 915 2314; x_wconf 87' lang='lat' dir='ltr'><strong>re</strong></span> <span class='ocrx_word' id='word_1_124' title='bbox 941 2249 986 2334; x_wconf 78' lang='lat' dir='ltr'><strong>(p,</strong></span> <span class='ocrx_word' id='word_1_125' title='bbox 1014 2253 1067 2335; x_wconf 80' lang='lat'><strong>14)</strong></span> <span class='ocrx_word' id='word_1_126' title='bbox 1093 2248 1193 2314; x_wconf 88' lang='lat' dir='ltr'><strong>dixit-</strong></span> 
     </span>
     <span class='ocr_line' id='line_1_19' title="bbox 110 2357 1190 2444; baseline 0 -22"><span class='ocrx_word' id='word_1_127' title='bbox 110 2363 239 2424; x_wconf 87' lang='lat' dir='ltr'><strong>veniam</strong></span> <span class='ocrx_word' id='word_1_128' title='bbox 262 2358 458 2439; x_wconf 67' lang='lat' dir='ltr'><strong>mitridatis,</strong></span> <span class='ocrx_word' id='word_1_129' title='bbox 484 2360 510 2420; x_wconf 90' lang='lat' dir='ltr'><strong>si</strong></span> <span class='ocrx_word' id='word_1_130' title='bbox 533 2359 600 2422; x_wconf 87' lang='lat' dir='ltr'><strong>eius</strong></span> <span class='ocrx_word' id='word_1_131' title='bbox 627 2359 704 2439; x_wconf 90' lang='lat' dir='ltr'><strong>ipsis</strong></span> <span class='ocrx_word' id='word_1_132' title='bbox 729 2357 833 2421; x_wconf 87' lang='lat' dir='ltr'><strong>verbis</strong></span> <span class='ocrx_word' id='word_1_133' title='bbox 848 2369 932 2426; x_wconf 79' lang='lat' dir='ltr'><strong>,utor</strong></span> <span class='ocrx_word' id='word_1_134' title='bbox 949 2397 987 2405; x_wconf 92' lang='lat'>-</span> <span class='ocrx_word' id='word_1_135' title='bbox 1016 2379 1071 2444; x_wconf 79' lang='lat' dir='ltr'><strong>„es</strong></span> <span class='ocrx_word' id='word_1_136' title='bbox 1094 2357 1190 2422; x_wconf 87' lang='lat' dir='ltr'><strong>leitet</strong></span> 
     </span>
     <span class='ocr_line' id='line_1_20' title="bbox 111 2464 1188 2548; baseline 0 -18"><span class='ocrx_word' id='word_1_137' title='bbox 111 2467 167 2530; x_wconf 91' lang='lat' dir='ltr'><strong>ihn</strong></span> <span class='ocrx_word' id='word_1_138' title='bbox 185 2466 279 2531; x_wconf 89' lang='lat' dir='ltr'><strong>dabei</strong></span> <span class='ocrx_word' id='word_1_139' title='bbox 297 2465 370 2528; x_wconf 81' lang='lat' dir='ltr'><strong>bein</strong></span> <span class='ocrx_word' id='word_1_140' title='bbox 386 2467 512 2529; x_wconf 88' lang='lat' dir='ltr'><strong>inneres</strong></span> <span class='ocrx_word' id='word_1_141' title='bbox 529 2464 659 2548; x_wconf 89' lang='lat' dir='ltr'><strong>Princip</strong></span> <span class='ocrx_word' id='word_1_142' title='bbox 678 2464 886 2529; x_wconf 87' lang='lat' dir='ltr'><strong>historischer</strong></span> <span class='ocrx_word' id='word_1_143' title='bbox 901 2464 1026 2545; x_wconf 86' lang='lat' dir='ltr'><strong>Kritik,</strong></span> <span class='ocrx_word' id='word_1_144' title='bbox 1045 2465 1188 2530; x_wconf 86' lang='lat' dir='ltr'><strong>sondern</strong></span> 
     </span>
     <span class='ocr_line' id='line_1_21' title="bbox 112 2570 1188 2656; baseline -0.001 -18"><span class='ocrx_word' id='word_1_145' title='bbox 112 2597 192 2656; x_wconf 85' lang='lat' dir='ltr'><strong>ganz</strong></span> <span class='ocrx_word' id='word_1_146' title='bbox 216 2572 395 2655; x_wconf 76' lang='lat' dir='ltr'><strong>ausserlich</strong></span> <span class='ocrx_word' id='word_1_147' title='bbox 419 2572 491 2653; x_wconf 86' lang='lat' dir='ltr'><strong>fiigt</strong></span> <span class='ocrx_word' id='word_1_148' title='bbox 514 2593 549 2635; x_wconf 85' lang='lat' dir='ltr'><strong>er</strong></span> <span class='ocrx_word' id='word_1_149' title='bbox 572 2572 649 2635; x_wconf 90' lang='lat' dir='ltr'><strong>bald</strong></span> <span class='ocrx_word' id='word_1_150' title='bbox 672 2570 741 2636; x_wconf 89' lang='lat' dir='ltr'><strong>hier</strong></span> <span class='ocrx_word' id='word_1_151' title='bbox 765 2572 815 2634; x_wconf 91' lang='lat' dir='ltr'><strong>ein</strong></span> <span class='ocrx_word' id='word_1_152' title='bbox 840 2570 942 2636; x_wconf 84' lang='lat' dir='ltr'><strong>Stiick</strong></span> <span class='ocrx_word' id='word_1_153' title='bbox 966 2595 1028 2637; x_wconf 87' lang='lat' dir='ltr'><strong>von</strong></span> <span class='ocrx_word' id='word_1_154' title='bbox 1052 2572 1188 2656; x_wconf 89' lang='lat' dir='ltr'><strong>diesem,</strong></span> 
     </span>
     <span class='ocr_line' id='line_1_22' title="bbox 111 2678 1184 2764; baseline -0.001 -20"><span class='ocrx_word' id='word_1_155' title='bbox 111 2682 189 2746; x_wconf 87' lang='lat' dir='ltr'><strong>bald</strong></span> <span class='ocrx_word' id='word_1_156' title='bbox 213 2682 288 2746; x_wconf 86' lang='lat' dir='ltr'><strong>dort</strong></span> <span class='ocrx_word' id='word_1_157' title='bbox 312 2680 363 2744; x_wconf 90' lang='lat' dir='ltr'><strong>ein</strong></span> <span class='ocrx_word' id='word_1_158' title='bbox 388 2678 490 2744; x_wconf 80' lang='lat' dir='ltr'><strong>Stiick</strong></span> <span class='ocrx_word' id='word_1_159' title='bbox 514 2701 575 2744; x_wconf 83' lang='lat' dir='ltr'><strong>von</strong></span> <span class='ocrx_word' id='word_1_160' title='bbox 595 2680 705 2764; x_wconf 83' lang='lat' dir='ltr'><strong>jenem</strong></span> <span class='ocrx_word' id='word_1_161' title='bbox 728 2679 915 2743; x_wconf 85' lang='lat' dir='ltr'><strong>Historiker</strong></span> <span class='ocrx_word' id='word_1_162' title='bbox 939 2703 977 2744; x_wconf 85' lang='lat' dir='ltr'><strong>au</strong></span> <span class='ocrx_word' id='word_1_163' title='bbox 1011 2681 1098 2744; x_wconf 88' lang='lat' dir='ltr'><strong>einer</strong></span> <span class='ocrx_word' id='word_1_164' title='bbox 1122 2681 1184 2744; x_wconf 78' lang='lat' dir='ltr'><strong>Er-</strong></span> 
     </span>
     <span class='ocr_line' id='line_1_23' title="bbox 43 2787 1188 2873; baseline -0.003 -18"><span class='ocrx_word' id='word_1_165' title='bbox 43 2855 47 2863; x_wconf 75' lang='lat'><em>,</em></span> <span class='ocrx_word' id='word_1_166' title='bbox 110 2790 250 2873; x_wconf 78' lang='lat' dir='ltr'><strong>aahlung</strong></span> <span class='ocrx_word' id='word_1_167' title='bbox 273 2811 465 2854; x_wconf 85' lang='lat' dir='ltr'><strong>zusammen.</strong></span> <span class='ocrx_word' id='word_1_168' title='bbox 512 2787 586 2850; x_wconf 86' lang='lat' dir='ltr'><strong>Nur</strong></span> <span class='ocrx_word' id='word_1_169' title='bbox 609 2787 667 2850; x_wconf 89' lang='lat' dir='ltr'><strong>das</strong></span> <span class='ocrx_word' id='word_1_170' title='bbox 696 2787 775 2851; x_wconf 81' lang='grc'><strong>11001</strong></span> <span class='ocrx_word' id='word_1_171' title='bbox 798 2788 866 2852; x_wconf 86' lang='lat' dir='ltr'><strong>sich</strong></span> <span class='ocrx_word' id='word_1_172' title='bbox 890 2788 933 2852; x_wconf 92' lang='lat' dir='ltr'><strong>im</strong></span> <span class='ocrx_word' id='word_1_173' title='bbox 959 2787 1188 2870; x_wconf 87' lang='lat' dir='ltr'><strong>Allgemeinen</strong></span> 
     </span>
     <span class='ocr_line' id='line_1_24' title="bbox 112 2879 1185 2978; baseline -0.001 -17"><span class='ocrx_word' id='word_1_174' title='bbox 112 2898 296 2978; x_wconf 84' lang='lat' dir='ltr'><strong>festhalton,</strong></span> <span class='ocrx_word' id='word_1_175' title='bbox 322 2896 397 2960; x_wconf 90' lang='lat' dir='ltr'><strong>dass</strong></span> <span class='ocrx_word' id='word_1_176' title='bbox 424 2918 459 2959; x_wconf 87' lang='lat' dir='ltr'><strong>er</strong></span> <span class='ocrx_word' id='word_1_177' title='bbox 483 2879 551 2959; x_wconf 86' lang='lat' dir='ltr'><strong>sich</strong></span> <span class='ocrx_word' id='word_1_178' title='bbox 575 2894 718 2958; x_wconf 88' lang='lat' dir='ltr'><strong>hiibsche</strong></span> <span class='ocrx_word' id='word_1_179' title='bbox 743 2895 809 2958; x_wconf 89' lang='lat' dir='ltr'><strong>und</strong></span> <span class='ocrx_word' id='word_1_180' title='bbox 839 2894 1015 2960; x_wconf 86' lang='lat' dir='ltr'><strong>effeetvolle</strong></span> <span class='ocrx_word' id='word_1_181' title='bbox 1040 2893 1185 2960; x_wconf 69' lang='grc'><strong>801111010-</strong></span> 
     </span>
     <span class='ocr_line' id='line_1_25' title="bbox 111 3001 1187 3085; baseline -0.002 -15"><span class='ocrx_word' id='word_1_182' title='bbox 111 3028 234 3082; x_wconf 78' lang='lat' dir='ltr'><strong>rungen</strong></span> <span class='ocrx_word' id='word_1_183' title='bbox 246 3005 313 3068; x_wconf 89' lang='lat' dir='ltr'><strong>und</strong></span> <span class='ocrx_word' id='word_1_184' title='bbox 324 3001 555 3085; x_wconf 73' lang='lat' dir='ltr'><strong>Eraahlungou</strong></span> <span class='ocrx_word' id='word_1_185' title='bbox 571 3003 673 3066; x_wconf 86' lang='lat' dir='ltr'><strong>seltcn</strong></span> <span class='ocrx_word' id='word_1_186' title='bbox 689 3002 849 3084; x_wconf 89' lang='lat' dir='ltr'><strong>entgehen</strong></span> <span class='ocrx_word' id='word_1_187' title='bbox 865 3003 980 3075; x_wconf 73' lang='lat' dir='ltr'><strong>ltsst‚“</strong></span> <span class='ocrx_word' id='word_1_188' title='bbox 1014 3001 1080 3068; x_wconf 84' lang='lat' dir='ltr'><strong>Sed</strong></span> <span class='ocrx_word' id='word_1_189' title='bbox 1096 3004 1187 3068; x_wconf 89' lang='lat' dir='ltr'><strong>illam</strong></span> 
     </span>
     <span class='ocr_line' id='line_1_26' title="bbox 112 3109 1187 3193; baseline -0.002 -16"><span class='ocrx_word' id='word_1_190' title='bbox 112 3114 303 3177; x_wconf 88' lang='lat' dir='ltr'><strong>sententiam</strong></span> <span class='ocrx_word' id='word_1_191' title='bbox 328 3112 424 3193; x_wconf 89' lang='lat' dir='ltr'><strong>plane</strong></span> <span class='ocrx_word' id='word_1_192' title='bbox 440 3112 631 3193; x_wconf 85' lang='lat' dir='ltr'><strong>impugnare</strong></span> <span class='ocrx_word' id='word_1_193' title='bbox 647 3109 800 3174; x_wconf 88' lang='lat' dir='ltr'><strong>debemus</strong></span> <span class='ocrx_word' id='word_1_194' title='bbox 816 3109 963 3175; x_wconf 83' lang='lat' dir='ltr'><strong>Curtium</strong></span> <span class='ocrx_word' id='word_1_195' title='bbox 987 3109 1093 3174; x_wconf 87' lang='lat' dir='ltr'><strong>fontes</strong></span> <span class='ocrx_word' id='word_1_196' title='bbox 1111 3131 1187 3176; x_wconf 91' lang='lat' dir='ltr'><strong>suos</strong></span> 
     </span>
     <span class='ocr_line' id='line_1_27' title="bbox 111 3217 1188 3299; baseline -0.001 -14"><span class='ocrx_word' id='word_1_197' title='bbox 111 3242 151 3285; x_wconf 85' lang='lat' dir='ltr'><strong>ex</strong></span> <span class='ocrx_word' id='word_1_198' title='bbox 181 3220 313 3284; x_wconf 88' lang='lat' dir='ltr'><strong>libidine</strong></span> <span class='ocrx_word' id='word_1_199' title='bbox 345 3228 503 3288; x_wconf 82' lang='lat' dir='ltr'><strong>mutasse,</strong></span> <span class='ocrx_word' id='word_1_200' title='bbox 554 3218 677 3282; x_wconf 72' lang='lat' dir='ltr'><strong>&#39;Kaerst</strong></span> <span class='ocrx_word' id='word_1_201' title='bbox 711 3217 841 3299; x_wconf 86' lang='lat' dir='ltr'><strong>quidem</strong></span> <span class='ocrx_word' id='word_1_202' title='bbox 873 3218 957 3283; x_wconf 89' lang='lat' dir='ltr'><strong>banc</strong></span> <span class='ocrx_word' id='word_1_203' title='bbox 991 3217 1188 3284; x_wconf 82' lang='lat' dir='ltr'><strong>sententiam</strong></span> 
     </span>
     <span class='ocr_line' id='line_1_28' title="bbox 110 3325 1187 3410; baseline -0.003 -18"><span class='ocrx_word' id='word_1_204' title='bbox 110 3329 307 3410; x_wconf 85' lang='lat' dir='ltr'><strong>argumentis</strong></span> <span class='ocrx_word' id='word_1_205' title='bbox 342 3325 554 3407; x_wconf 89' lang='lat' dir='ltr'><strong>comprobare</strong></span> <span class='ocrx_word' id='word_1_206' title='bbox 587 3332 721 3388; x_wconf 89' lang='lat' dir='ltr'><strong>conatus</strong></span> <span class='ocrx_word' id='word_1_207' title='bbox 753 3336 811 3406; x_wconf 90' lang='lat' dir='ltr'><strong>est,</strong></span> <span class='ocrx_word' id='word_1_208' title='bbox 851 3326 913 3389; x_wconf 89' lang='lat' dir='ltr'><strong>sed·</strong></span> <span class='ocrx_word' id='word_1_209' title='bbox 942 3325 1020 3388; x_wconf 87' lang='lat' dir='ltr'><strong>mihi</strong></span> <span class='ocrx_word' id='word_1_210' title='bbox 1054 3325 1187 3408; x_wconf 88' lang='lat' dir='ltr'><strong>quidem</strong></span> 
     </span>
     <span class='ocr_line' id='line_1_29' title="bbox 110 3434 1188 3517; baseline 0.002 -19"><span class='ocrx_word' id='word_1_211' title='bbox 110 3456 300 3517; x_wconf 87' lang='lat' dir='ltr'><strong>persuasum</strong></span> <span class='ocrx_word' id='word_1_212' title='bbox 325 3441 383 3513; x_wconf 86' lang='lat' dir='ltr'><strong>est,</strong></span> <span class='ocrx_word' id='word_1_213' title='bbox 410 3442 441 3497; x_wconf 92' lang='grc'><strong>01</strong></span> <span class='ocrx_word' id='word_1_214' title='bbox 465 3434 555 3498; x_wconf 85' lang='lat' dir='ltr'><strong>vobis</strong></span> <span class='ocrx_word' id='word_1_215' title='bbox 578 3455 629 3496; x_wconf 91' lang='lat' dir='ltr'><strong>me</strong></span> <span class='ocrx_word' id='word_1_216' title='bbox 661 3453 891 3515; x_wconf 86' lang='lat' dir='ltr'><strong>persuasurum</strong></span> <span class='ocrx_word' id='word_1_217' title='bbox 925 3434 1062 3516; x_wconf 88' lang='lat' dir='ltr'><strong>confido,</strong></span> <span class='ocrx_word' id='word_1_218' title='bbox 1094 3434 1188 3500; x_wconf 88' lang='lat' dir='ltr'><strong>illum</strong></span> 
     </span>
     <span class='ocr_line' id='line_1_30' title="bbox 111 3531 1188 3624; baseline 0.001 -18"><span class='ocrx_word' id='word_1_219' title='bbox 111 3563 237 3606; x_wconf 86' lang='lat' dir='ltr'><strong>errasse</strong></span> <span class='ocrx_word' id='word_1_220' title='bbox 261 3539 349 3624; x_wconf 89' lang='lat' dir='ltr'><strong>quod</strong></span> <span class='ocrx_word' id='word_1_221' title='bbox 375 3541 492 3605; x_wconf 86' lang='lat' dir='ltr'><strong>attinet</strong></span> <span class='ocrx_word' id='word_1_222' title='bbox 525 3540 567 3604; x_wconf 92' lang='lat' dir='ltr'><strong>ad</strong></span> <span class='ocrx_word' id='word_1_223' title='bbox 599 3562 652 3604; x_wconf 89' lang='lat' dir='ltr'><strong>eos</strong></span> <span class='ocrx_word' id='word_1_224' title='bbox 687 3541 786 3622; x_wconf 88' lang='grc'><strong>10000,</strong></span> <span class='ocrx_word' id='word_1_225' title='bbox 822 3563 902 3623; x_wconf 88' lang='lat' dir='ltr'><strong>quos</strong></span> <span class='ocrx_word' id='word_1_226' title='bbox 944 3543 983 3605; x_wconf 90' lang='lat' dir='ltr'><strong>de</strong></span> <span class='ocrx_word' id='word_1_227' title='bbox 1018 3531 1188 3607; x_wconf 89' lang='lat' dir='ltr'><strong>obsidione</strong></span> 
     </span>
     <span class='ocr_line' id='line_1_31' title="bbox 109 3647 1189 3732; baseline 0.002 -21"><span class='ocrx_word' id='word_1_228' title='bbox 109 3647 188 3732; x_wconf 76' lang='lat' dir='ltr'><strong>Tyri</strong></span> <span class='ocrx_word' id='word_1_229' title='bbox 205 3648 248 3712; x_wconf 90' lang='lat' dir='ltr'><strong>ad</strong></span> <span class='ocrx_word' id='word_1_230' title='bbox 265 3649 449 3732; x_wconf 90' lang='lat' dir='ltr'><strong>opinionem</strong></span> <span class='ocrx_word' id='word_1_231' title='bbox 466 3669 557 3712; x_wconf 91' lang='lat' dir='ltr'><strong>suam</strong></span> <span class='ocrx_word' id='word_1_232' title='bbox 572 3647 765 3712; x_wconf 90' lang='lat' dir='ltr'><strong>firmandam</strong></span> <span class='ocrx_word' id='word_1_233' title='bbox 782 3649 899 3732; x_wconf 81' lang='lat' dir='ltr'><strong>attulit,</strong></span> <span class='ocrx_word' id='word_1_234' title='bbox 931 3650 984 3713; x_wconf 88' lang='lat' dir='ltr'><strong>De</strong></span> <span class='ocrx_word' id='word_1_235' title='bbox 1001 3647 1072 3712; x_wconf 91' lang='lat' dir='ltr'><strong>looo</strong></span> <span class='ocrx_word' id='word_1_236' title='bbox 1095 3648 1189 3729; x_wconf 87' lang='lat' dir='ltr'><strong>apud</strong></span> 
     </span>
     <span class='ocr_line' id='line_1_32' title="bbox 108 3739 1190 3840; baseline 0 -18"><span class='ocrx_word' id='word_1_237' title='bbox 108 3756 258 3822; x_wconf 75' lang='lat' dir='ltr'><strong>Curtium</strong></span> <span class='ocrx_word' id='word_1_238' title='bbox 283 3763 312 3828; x_wconf 84' lang='lat'><strong>3.</strong></span> <span class='ocrx_word' id='word_1_239' title='bbox 341 3761 380 3820; x_wconf 79' lang='lat'><strong>12</strong></span> <span class='ocrx_word' id='word_1_240' title='bbox 411 3763 443 3821; x_wconf 90' lang='grc'><strong>01</strong></span> <span class='ocrx_word' id='word_1_241' title='bbox 476 3756 563 3840; x_wconf 88' lang='lat' dir='ltr'><strong>apud</strong></span> <span class='ocrx_word' id='word_1_242' title='bbox 587 3739 765 3820; x_wconf 82' lang='lat' dir='ltr'><strong>Arriannni</strong></span> <span class='ocrx_word' id='word_1_243' title='bbox 788 3745 840 3820; x_wconf 71' lang='lat' dir='ltr'><strong>HJ</strong></span> <span class='ocrx_word' id='word_1_244' title='bbox 864 3760 954 3840; x_wconf 76' lang='lat'><strong>20,9</strong></span> <span class='ocrx_word' id='word_1_245' title='bbox 988 3757 1053 3820; x_wconf 89' lang='lat' dir='ltr'><strong>iam</strong></span> <span class='ocrx_word' id='word_1_246' title='bbox 1085 3775 1190 3838; x_wconf 83' lang='lat' dir='ltr'><strong>supra</strong></span> 
     </span>
     <span class='ocr_line' id='line_1_33' title="bbox 109 3849 1188 3951; baseline 0.001 -23"><span class='ocrx_word' id='word_1_247' title='bbox 109 3865 328 3933; x_wconf 89' lang='lat' dir='ltr'><strong>disseruimus.</strong></span> <span class='ocrx_word' id='word_1_248' title='bbox 376 3863 411 3929; x_wconf 86' lang='lat' dir='ltr'><strong>Si</strong></span> <span class='ocrx_word' id='word_1_249' title='bbox 435 3886 509 3930; x_wconf 87' lang='lat' dir='ltr'><strong>vero</strong></span> <span class='ocrx_word' id='word_1_250' title='bbox 533 3863 657 3929; x_wconf 86' lang='lat' dir='ltr'><strong>Kaerst</strong></span> <span class='ocrx_word' id='word_1_251' title='bbox 682 3849 724 3948; x_wconf 87' lang='lat' dir='ltr'><strong>(p</strong></span> <span class='ocrx_word' id='word_1_252' title='bbox 748 3870 788 3930; x_wconf 80' lang='lat'><strong>21</strong></span> <span class='ocrx_word' id='word_1_253' title='bbox 813 3865 896 3951; x_wconf 84' lang='lat' dir='ltr'><strong>sqq.)</strong></span> <span class='ocrx_word' id='word_1_254' title='bbox 928 3863 1010 3928; x_wconf 88' lang='lat' dir='ltr'><strong>dixit</strong></span> <span class='ocrx_word' id='word_1_255' title='bbox 1033 3861 1188 3929; x_wconf 87' lang='lat' dir='ltr'><strong>Curtium</strong></span> 
     </span>
    </p>
   </div>
   <div class='ocr_carea' id='block_1_6' title="bbox 0 0 1326 4242">
    <p class='ocr_par' dir='ltr' id='par_1_6' title="bbox 0 0 1326 4242">
     <span class='ocr_line' id='line_1_34' title="bbox 0 0 1326 4242; baseline 0 1"><span class='ocrx_word' id='word_1_256' title='bbox 0 0 1326 4242; x_wconf 95' lang='lat' dir='ltr'><strong> </strong></span> 
     </span>
    </p>
   </div>
  </div>
 </body>
</html>
