<?xml version="1.0" encoding="UTF-8"?>
<!DOCTYPE html PUBLIC "-//W3C//DTD XHTML 1.0 Transitional//EN"
    "http://www.w3.org/TR/xhtml1/DTD/xhtml1-transitional.dtd">
<html xmlns="http://www.w3.org/1999/xhtml" xml:lang="en" lang="en">
 <head>
  <title>
</title>
<meta http-equiv="Content-Type" content="text/html;charset=utf-8" />
  <meta name='ocr-system' content='tesseract 3.04.00' />
  <meta name='ocr-capabilities' content='ocr_page ocr_carea ocr_par ocr_line ocrx_word'/>
</head>
<body>
  <div class='ocr_page' id='page_1' title='image "./commentationisd00geiegoog_0215.png"; bbox 0 0 2642 4242; ppageno 0'>
   <div class='ocr_carea' id='block_1_1' title="bbox 557 135 715 187">
    <p class='ocr_par' dir='ltr' id='par_1_1' title="bbox 557 135 715 187">
     <span class='ocr_line' id='line_1_1' title="bbox 557 135 715 187; baseline -0.006 -16"><span class='ocrx_word' id='word_1_1' title='bbox 557 135 715 187; x_wconf 68' lang='grc'>,7.-</span> 
     </span>
    </p>
   </div>
   <div class='ocr_carea' id='block_1_2' title="bbox 46 308 1198 3404">
    <p class='ocr_par' dir='ltr' id='par_1_2' title="bbox 46 308 1195 967">
     <span class='ocr_line' id='line_1_2' title="bbox 47 308 1195 390; baseline 0.001 -20"><span class='ocrx_word' id='word_1_2' title='bbox 47 308 323 387; x_wconf 86' lang='lat' dir='ltr'>quaestionem.</span> <span class='ocrx_word' id='word_1_3' title='bbox 376 310 526 371; x_wconf 86' lang='lat' dir='ltr'>collocat</span> <span class='ocrx_word' id='word_1_4' title='bbox 566 309 658 372; x_wconf 92' lang='lat' dir='ltr'>enim</span> <span class='ocrx_word' id='word_1_5' title='bbox 699 308 831 371; x_wconf 91' lang='lat' dir='ltr'>exitum</span> <span class='ocrx_word' id='word_1_6' title='bbox 871 309 967 390; x_wconf 80' lang='lat' dir='ltr'>regis</span> <span class='ocrx_word' id='word_1_7' title='bbox 1002 310 1036 371; x_wconf 90' lang='lat' dir='ltr'>in</span> <span class='ocrx_word' id='word_1_8' title='bbox 1071 310 1195 372; x_wconf 90' lang='lat' dir='ltr'>mensi-</span> 
     </span>
     <span class='ocr_line' id='line_1_3' title="bbox 46 423 1195 503; baseline 0.001 -17"><span class='ocrx_word' id='word_1_9' title='bbox 46 425 132 487; x_wconf 93' lang='lat' dir='ltr'>bus</span> <span class='ocrx_word' id='word_1_10' title='bbox 151 423 279 503; x_wconf 87' lang='lat' dir='ltr'><strong>Aprili,</strong></span> <span class='ocrx_word' id='word_1_11' title='bbox 304 424 407 503; x_wconf 78' lang='lat' dir='ltr'>MaiO,</span> <span class='ocrx_word' id='word_1_12' title='bbox 443 424 540 487; x_wconf 89' lang='lat' dir='ltr'>Iunio</span> <span class='ocrx_word' id='word_1_13' title='bbox 565 425 646 487; x_wconf 88' lang='lat' dir='ltr'>anni</span> <span class='ocrx_word' id='word_1_14' title='bbox 670 424 734 487; x_wconf 90' lang='grc'>323</span> <span class='ocrx_word' id='word_1_15' title='bbox 758 442 824 486; x_wconf 91' lang='lat' dir='ltr'>nec</span> <span class='ocrx_word' id='word_1_16' title='bbox 848 424 940 487; x_wconf 88' lang='lat' dir='ltr'>diem</span> <span class='ocrx_word' id='word_1_17' title='bbox 962 427 1116 488; x_wconf 89' lang='lat' dir='ltr'>natalem</span> <span class='ocrx_word' id='word_1_18' title='bbox 1140 425 1195 487; x_wconf 92' lang='lat' dir='ltr'>de-</span> 
     </span>
     <span class='ocr_line' id='line_1_4' title="bbox 48 540 1194 621; baseline 0.001 -19"><span class='ocrx_word' id='word_1_19' title='bbox 48 540 193 603; x_wconf 87' lang='lat' dir='ltr'>finivit.</span> <span class='ocrx_word' id='word_1_20' title='bbox 220 547 256 603; x_wconf 87' lang='lat' dir='ltr'>at</span> <span class='ocrx_word' id='word_1_21' title='bbox 278 542 388 603; x_wconf 90' lang='lat' dir='ltr'>multo</span> <span class='ocrx_word' id='word_1_22' title='bbox 412 541 611 603; x_wconf 88' lang='lat' dir='ltr'>accuratius</span> <span class='ocrx_word' id='word_1_23' title='bbox 634 558 740 620; x_wconf 91' lang='lat' dir='ltr'>posse</span> <span class='ocrx_word' id='word_1_24' title='bbox 765 540 1004 603; x_wconf 86' lang='lat' dir='ltr'>circumscribi</span> <span class='ocrx_word' id='word_1_25' title='bbox 1020 540 1115 621; x_wconf 84' lang='lat' dir='ltr'>regis</span> <span class='ocrx_word' id='word_1_26' title='bbox 1140 558 1194 603; x_wconf 89' lang='lat' dir='ltr'>ae-</span> 
     </span>
     <span class='ocr_line' id='line_1_5' title="bbox 50 657 1194 737; baseline 0.001 -19"><span class='ocrx_word' id='word_1_27' title='bbox 50 664 180 719; x_wconf 80' lang='lat' dir='ltr'><strong>tatem</strong></span> <span class='ocrx_word' id='word_1_28' title='bbox 194 657 365 719; x_wconf 88' lang='lat' dir='ltr'>existimo.</span> <span class='ocrx_word' id='word_1_29' title='bbox 383 657 509 737; x_wconf 91' lang='lat' dir='ltr'>quibus</span> <span class='ocrx_word' id='word_1_30' title='bbox 523 674 748 720; x_wconf 87' lang='lat' dir='ltr'>commovear</span> <span class='ocrx_word' id='word_1_31' title='bbox 761 657 887 735; x_wconf 80' lang='lat' dir='ltr'>causiS,</span> <span class='ocrx_word' id='word_1_32' title='bbox 904 666 943 720; x_wconf 93' lang='lat' dir='ltr'>ut</span> <span class='ocrx_word' id='word_1_33' title='bbox 958 658 1086 735; x_wconf 86' lang='lat' dir='ltr'>multis,</span> <span class='ocrx_word' id='word_1_34' title='bbox 1104 674 1194 737; x_wconf 89' lang='lat' dir='ltr'>quae</span> 
     </span>
     <span class='ocr_line' id='line_1_6' title="bbox 52 771 1194 859; baseline 0.002 -26"><span class='ocrx_word' id='word_1_35' title='bbox 52 771 107 833; x_wconf 91' lang='lat' dir='ltr'>de</span> <span class='ocrx_word' id='word_1_36' title='bbox 140 772 212 835; x_wconf 92' lang='lat' dir='ltr'>hac</span> <span class='ocrx_word' id='word_1_37' title='bbox 236 790 284 859; x_wconf 52' lang='lat' dir='ltr'>re=</span> <span class='ocrx_word' id='word_1_38' title='bbox 299 773 372 853; x_wconf 85' lang='lat' dir='ltr'>egit</span> <span class='ocrx_word' id='word_1_39' title='bbox 395 772 450 835; x_wconf 89' lang='lat' dir='ltr'>vir</span> <span class='ocrx_word' id='word_1_40' title='bbox 474 772 608 850; x_wconf 80' lang='lat' dir='ltr'>doctuS,</span> <span class='ocrx_word' id='word_1_41' title='bbox 638 790 708 835; x_wconf 91' lang='lat' dir='ltr'>non</span> <span class='ocrx_word' id='word_1_42' title='bbox 733 773 959 850; x_wconf 81' lang='lat' dir='ltr'>consentiam,</span> <span class='ocrx_word' id='word_1_43' title='bbox 990 772 1066 851; x_wconf 94' lang='lat' dir='ltr'>ipso</span> <span class='ocrx_word' id='word_1_44' title='bbox 1090 772 1194 835; x_wconf 88' lang='lat' dir='ltr'>huius</span> 
     </span>
     <span class='ocr_line' id='line_1_7' title="bbox 53 888 624 967; baseline 0.002 -18"><span class='ocrx_word' id='word_1_45' title='bbox 53 888 329 951; x_wconf 84' lang='lat' dir='ltr'>dissertationis</span> <span class='ocrx_word' id='word_1_46' title='bbox 354 905 459 951; x_wconf 87' lang='lat' dir='ltr'>cursu</span> <span class='ocrx_word' id='word_1_47' title='bbox 482 888 624 967; x_wconf 90' lang='lat' dir='ltr'>patebit.</span> 
     </span>
    </p>

    <p class='ocr_par' dir='ltr' id='par_1_3' title="bbox 54 1002 1194 1317">
     <span class='ocr_line' id='line_1_8' title="bbox 178 1002 1194 1085; baseline -0.002 -18"><span class='ocrx_word' id='word_1_48' title='bbox 178 1003 318 1083; x_wconf 86' lang='lat' dir='ltr'>Optime</span> <span class='ocrx_word' id='word_1_49' title='bbox 342 1002 538 1085; x_wconf 81' lang='lat' dir='ltr'>Ungerus1)</span> <span class='ocrx_word' id='word_1_50' title='bbox 562 1003 761 1084; x_wconf 86' lang='lat' dir='ltr'>ponendam</span> <span class='ocrx_word' id='word_1_51' title='bbox 785 1021 865 1065; x_wconf 86' lang='lat' dir='ltr'>esse</span> <span class='ocrx_word' id='word_1_52' title='bbox 889 1002 1084 1066; x_wconf 82' lang='lat' dir='ltr'>Alexandri</span> <span class='ocrx_word' id='word_1_53' title='bbox 1106 1021 1194 1067; x_wconf 92' lang='lat' dir='ltr'>mor-</span> 
     </span>
     <span class='ocr_line' id='line_1_9' title="bbox 54 1116 1194 1183; baseline 0.002 -2"><span class='ocrx_word' id='word_1_54' title='bbox 54 1116 141 1182; x_wconf 83' lang='lat' dir='ltr'>tem</span> <span class='ocrx_word' id='word_1_55' title='bbox 164 1120 202 1183; x_wconf 91' lang='lat' dir='ltr'>in</span> <span class='ocrx_word' id='word_1_56' title='bbox 214 1119 285 1183; x_wconf 88' lang='lat' dir='ltr'>Iun.</span> <span class='ocrx_word' id='word_1_57' title='bbox 304 1120 342 1183; x_wconf 88' lang='grc'><strong>13</strong></span> <span class='ocrx_word' id='word_1_58' title='bbox 368 1120 450 1182; x_wconf 86' lang='lat' dir='ltr'>anni</span> <span class='ocrx_word' id='word_1_59' title='bbox 466 1120 530 1183; x_wconf 91' lang='grc'>323</span> <span class='ocrx_word' id='word_1_60' title='bbox 548 1120 803 1183; x_wconf 85' lang='lat' dir='ltr'>demonstravit</span> <span class='ocrx_word' id='word_1_61' title='bbox 815 1118 1194 1183; x_wconf 88' lang='lat' dir='ltr'>Pseudo-Callisthenis</span> 
     </span>
     <span class='ocr_line' id='line_1_10' title="bbox 56 1235 668 1317; baseline 0.002 -20"><span class='ocrx_word' id='word_1_62' title='bbox 56 1236 128 1315; x_wconf 92' lang='lat' dir='ltr'>qui</span> <span class='ocrx_word' id='word_1_63' title='bbox 154 1235 282 1298; x_wconf 91' lang='lat' dir='ltr'>dicitur</span> <span class='ocrx_word' id='word_1_64' title='bbox 304 1236 505 1299; x_wconf 91' lang='lat' dir='ltr'>testimonio</span> <span class='ocrx_word' id='word_1_65' title='bbox 513 1240 536 1317; x_wconf 74' lang='lat'>2)</span> <span class='ocrx_word' id='word_1_66' title='bbox 560 1236 668 1299; x_wconf 83' lang='lat' dir='ltr'>nisus</span> 
     </span>
    </p>

    <p class='ocr_par' dir='ltr' id='par_1_4' title="bbox 58 1351 1194 1664">
     <span class='ocr_line' id='line_1_11' title="bbox 179 1351 1194 1431; baseline 0 -16"><span class='ocrx_word' id='word_1_67' title='bbox 179 1351 268 1415; x_wconf 91' lang='lat' dir='ltr'>Cum</span> <span class='ocrx_word' id='word_1_68' title='bbox 298 1361 423 1425; x_wconf 62' lang='lat' dir='ltr'>autem⁴</span> <span class='ocrx_word' id='word_1_69' title='bbox 444 1353 599 1415; x_wconf 88' lang='lat' dir='ltr'>breviter</span> <span class='ocrx_word' id='word_1_70' title='bbox 628 1370 703 1414; x_wconf 90' lang='lat' dir='ltr'>rem</span> <span class='ocrx_word' id='word_1_71' title='bbox 733 1352 897 1431; x_wconf 83' lang='lat' dir='ltr'>tetigerit,</span> <span class='ocrx_word' id='word_1_72' title='bbox 927 1352 1021 1414; x_wconf 91' lang='lat' dir='ltr'>haud</span> <span class='ocrx_word' id='word_1_73' title='bbox 1045 1352 1118 1415; x_wconf 91' lang='lat' dir='ltr'>scio</span> <span class='ocrx_word' id='word_1_74' title='bbox 1149 1370 1194 1415; x_wconf 87' lang='lat' dir='ltr'>an</span> 
     </span>
     <span class='ocr_line' id='line_1_12' title="bbox 58 1467 1194 1549; baseline 0.001 -20"><span class='ocrx_word' id='word_1_75' title='bbox 58 1484 200 1547; x_wconf 92' lang='lat' dir='ltr'>operae</span> <span class='ocrx_word' id='word_1_76' title='bbox 224 1469 374 1547; x_wconf 90' lang='lat' dir='ltr'>pretium</span> <span class='ocrx_word' id='word_1_77' title='bbox 398 1468 452 1547; x_wconf 84' lang='lat' dir='ltr'>sit,</span> <span class='ocrx_word' id='word_1_78' title='bbox 478 1468 591 1530; x_wconf 91' lang='lat' dir='ltr'>denuo</span> <span class='ocrx_word' id='word_1_79' title='bbox 615 1467 791 1548; x_wconf 90' lang='lat' dir='ltr'>inquirere</span> <span class='ocrx_word' id='word_1_80' title='bbox 816 1468 942 1547; x_wconf 90' lang='lat' dir='ltr'>quibus</span> <span class='ocrx_word' id='word_1_81' title='bbox 959 1468 1081 1531; x_wconf 88' lang='lat' dir='ltr'>diebus</span> <span class='ocrx_word' id='word_1_82' title='bbox 1090 1472 1113 1549; x_wconf 80' lang='lat'>³)</span> <span class='ocrx_word' id='word_1_83' title='bbox 1130 1486 1194 1530; x_wconf 87' lang='lat' dir='ltr'>rex</span> 
     </span>
     <span class='ocr_line' id='line_1_13' title="bbox 61 1583 973 1664; baseline 0 -19"><span class='ocrx_word' id='word_1_84' title='bbox 61 1592 103 1646; x_wconf 92' lang='lat' dir='ltr'>et</span> <span class='ocrx_word' id='word_1_85' title='bbox 127 1592 234 1647; x_wconf 84' lang='lat' dir='ltr'>natus</span> <span class='ocrx_word' id='word_1_86' title='bbox 259 1593 293 1646; x_wconf 94' lang='lat' dir='ltr'>et</span> <span class='ocrx_word' id='word_1_87' title='bbox 316 1592 475 1648; x_wconf 90' lang='lat' dir='ltr'>mortuus</span> <span class='ocrx_word' id='word_1_88' title='bbox 499 1584 545 1647; x_wconf 89' lang='lat' dir='ltr'>sit</span> <span class='ocrx_word' id='word_1_89' title='bbox 567 1584 728 1664; x_wconf 84' lang='lat' dir='ltr'>patrique</span> <span class='ocrx_word' id='word_1_90' title='bbox 752 1583 973 1645; x_wconf 86' lang='lat' dir='ltr'>successerit.</span> 
     </span>
    </p>

    <p class='ocr_par' dir='ltr' id='par_1_5' title="bbox 63 1698 1198 3288">
     <span class='ocr_line' id='line_1_14' title="bbox 178 1698 1194 1780; baseline 0 -19"><span class='ocrx_word' id='word_1_91' title='bbox 178 1698 296 1780; x_wconf 87' lang='lat' dir='ltr'>Atque</span> <span class='ocrx_word' id='word_1_92' title='bbox 336 1700 629 1779; x_wconf 87' lang='lat' dir='ltr'>proficiscendum</span> <span class='ocrx_word' id='word_1_93' title='bbox 669 1700 771 1762; x_wconf 90' lang='lat' dir='ltr'>nobis</span> <span class='ocrx_word' id='word_1_94' title='bbox 813 1700 880 1761; x_wconf 93' lang='lat' dir='ltr'>erit</span> <span class='ocrx_word' id='word_1_95' title='bbox 920 1699 964 1761; x_wconf 90' lang='lat' dir='ltr'>ab</span> <span class='ocrx_word' id='word_1_96' title='bbox 999 1698 1194 1762; x_wconf 91' lang='lat' dir='ltr'>Aristobuli</span> 
     </span>
     <span class='ocr_line' id='line_1_15' title="bbox 63 1816 1193 1897; baseline 0.001 -19"><span class='ocrx_word' id='word_1_97' title='bbox 63 1816 286 1879; x_wconf 85' lang='lat' dir='ltr'>Cassandrei</span> <span class='ocrx_word' id='word_1_98' title='bbox 310 1817 369 1897; x_wconf 92' lang='lat' dir='ltr'>qui</span> <span class='ocrx_word' id='word_1_99' title='bbox 385 1816 449 1879; x_wconf 85' lang='lat' dir='ltr'>fuit</span> <span class='ocrx_word' id='word_1_100' title='bbox 465 1816 560 1895; x_wconf 87' lang='lat' dir='ltr'>regis</span> <span class='ocrx_word' id='word_1_101' title='bbox 577 1817 794 1895; x_wconf 90' lang='lat' dir='ltr'>temporibus</span> <span class='ocrx_word' id='word_1_102' title='bbox 811 1816 968 1896; x_wconf 90' lang='lat' dir='ltr'>aequalis</span> <span class='ocrx_word' id='word_1_103' title='bbox 985 1816 1193 1879; x_wconf 88' lang='lat' dir='ltr'>testimonio.</span> 
     </span>
     <span class='ocr_line' id='line_1_16' title="bbox 63 1931 1194 2015; baseline 0.004 -21"><span class='ocrx_word' id='word_1_104' title='bbox 63 1933 99 1994; x_wconf 89' lang='lat' dir='ltr'>is</span> <span class='ocrx_word' id='word_1_105' title='bbox 131 1932 223 1995; x_wconf 87' lang='lat' dir='ltr'>enim</span> <span class='ocrx_word' id='word_1_106' title='bbox 251 1933 355 2015; x_wconf 88' lang='lat' dir='ltr'>(apud</span> <span class='ocrx_word' id='word_1_107' title='bbox 384 1932 575 1995; x_wconf 89' lang='lat' dir='ltr'>Arrianum</span> <span class='ocrx_word' id='word_1_108' title='bbox 603 1932 789 2013; x_wconf 83' lang='lat' dir='ltr'>Vll28,1)</span> <span class='ocrx_word' id='word_1_109' title='bbox 812 1932 902 1995; x_wconf 88' lang='lat' dir='ltr'>haec</span> <span class='ocrx_word' id='word_1_110' title='bbox 930 1931 1087 1994; x_wconf 89' lang='lat' dir='ltr'>tradidit:</span> <span class='ocrx_word' id='word_1_111' title='bbox 1118 1934 1194 2012; x_wconf 83' lang='grc' dir='ltr'><strong>ἐβίω</strong></span> 
     </span>
     <span class='ocr_line' id='line_1_17' title="bbox 65 2048 1194 2130; baseline 0 -17"><span class='ocrx_word' id='word_1_112' title='bbox 65 2053 106 2113; x_wconf 75' lang='grc' dir='ltr'>δὲ</span> <span class='ocrx_word' id='word_1_113' title='bbox 137 2052 195 2130; x_wconf 84' lang='lat' dir='ltr'>(sc.</span> <span class='ocrx_word' id='word_1_114' title='bbox 222 2048 441 2129; x_wconf 76' lang='grc' dir='ltr'>Ἀλέξανδρος)</span> <span class='ocrx_word' id='word_1_115' title='bbox 472 2049 531 2113; x_wconf 79' lang='grc' dir='ltr'>δύο</span> <span class='ocrx_word' id='word_1_116' title='bbox 560 2052 610 2114; x_wconf 86' lang='grc' dir='ltr'>καὶ</span> <span class='ocrx_word' id='word_1_117' title='bbox 639 2050 810 2128; x_wconf 88' lang='grc' dir='ltr'>τριάκοντα</span> <span class='ocrx_word' id='word_1_118' title='bbox 833 2049 886 2127; x_wconf 80' lang='grc' dir='ltr'>ἔτη</span> <span class='ocrx_word' id='word_1_119' title='bbox 917 2051 969 2113; x_wconf 84' lang='grc' dir='ltr'>καὶ</span> <span class='ocrx_word' id='word_1_120' title='bbox 998 2052 1056 2112; x_wconf 87' lang='grc' dir='ltr'>τοῦ</span> <span class='ocrx_word' id='word_1_121' title='bbox 1085 2049 1194 2127; x_wconf 85' lang='grc' dir='ltr'>τρίτου</span> 
     </span>
     <span class='ocr_line' id='line_1_18' title="bbox 68 2165 1194 2246; baseline -0.001 -17"><span class='ocrx_word' id='word_1_122' title='bbox 68 2171 173 2244; x_wconf 85' lang='grc' dir='ltr'>μῆνας</span> <span class='ocrx_word' id='word_1_123' title='bbox 197 2165 352 2245; x_wconf 81' lang='grc' dir='ltr'>ἐπέλαβεν</span> <span class='ocrx_word' id='word_1_124' title='bbox 376 2166 468 2241; x_wconf 85' lang='grc' dir='ltr'>ὀκτὼ,</span> <span class='ocrx_word' id='word_1_125' title='bbox 492 2166 537 2243; x_wconf 86' lang='grc' dir='ltr'>ὡς</span> <span class='ocrx_word' id='word_1_126' title='bbox 563 2167 646 2242; x_wconf 79' lang='grc' dir='ltr'>λέγει</span> <span class='ocrx_word' id='word_1_127' title='bbox 663 2165 919 2244; x_wconf 84' lang='grc' dir='ltr'>Ἀριστόβουλος·</span> <span class='ocrx_word' id='word_1_128' title='bbox 943 2165 1132 2246; x_wconf 76' lang='grc' dir='ltr'>ἐβασίλευσε</span> <span class='ocrx_word' id='word_1_129' title='bbox 1159 2167 1194 2229; x_wconf 79' lang='grc' dir='ltr'>δὲ</span> 
     </span>
     <span class='ocr_line' id='line_1_19' title="bbox 68 2279 1194 2360; baseline -0.004 -15"><span class='ocrx_word' id='word_1_130' title='bbox 68 2282 196 2345; x_wconf 68' lang='grc' dir='ltr'>δώδεκα</span> <span class='ocrx_word' id='word_1_131' title='bbox 219 2282 272 2359; x_wconf 81' lang='grc' dir='ltr'>ἔτη</span> <span class='ocrx_word' id='word_1_132' title='bbox 297 2283 347 2346; x_wconf 86' lang='grc' dir='ltr'>καὶ</span> <span class='ocrx_word' id='word_1_133' title='bbox 370 2284 447 2359; x_wconf 86' lang='grc' dir='ltr'>τοὺς</span> <span class='ocrx_word' id='word_1_134' title='bbox 473 2281 556 2345; x_wconf 83' lang='grc' dir='ltr'>ὀκτὼ</span> <span class='ocrx_word' id='word_1_135' title='bbox 573 2281 709 2359; x_wconf 86' lang='grc' dir='ltr'>τούτους</span> <span class='ocrx_word' id='word_1_136' title='bbox 727 2286 836 2360; x_wconf 83' lang='grc' dir='ltr'>μῆνας.</span> <span class='ocrx_word' id='word_1_137' title='bbox 860 2279 915 2341; x_wconf 83' lang='lat' dir='ltr'>his</span> <span class='ocrx_word' id='word_1_138' title='bbox 932 2297 977 2341; x_wconf 86' lang='lat' dir='ltr'>ex</span> <span class='ocrx_word' id='word_1_139' title='bbox 993 2280 1112 2342; x_wconf 86' lang='lat' dir='ltr'>verbis</span> <span class='ocrx_word' id='word_1_140' title='bbox 1128 2279 1194 2358; x_wconf 90' lang='lat' dir='ltr'>pri-</span> 
     </span>
     <span class='ocr_line' id='line_1_20' title="bbox 68 2395 1194 2476; baseline -0.003 -17"><span class='ocrx_word' id='word_1_141' title='bbox 68 2396 205 2459; x_wconf 90' lang='lat' dir='ltr'>mordia</span> <span class='ocrx_word' id='word_1_142' title='bbox 229 2396 329 2476; x_wconf 85' lang='lat' dir='ltr'>regni</span> <span class='ocrx_word' id='word_1_143' title='bbox 352 2395 547 2458; x_wconf 85' lang='lat' dir='ltr'>Alexandri</span> <span class='ocrx_word' id='word_1_144' title='bbox 570 2396 606 2458; x_wconf 93' lang='lat' dir='ltr'>in</span> <span class='ocrx_word' id='word_1_145' title='bbox 630 2396 754 2457; x_wconf 92' lang='lat' dir='ltr'>eodem</span> <span class='ocrx_word' id='word_1_146' title='bbox 777 2412 908 2467; x_wconf 80' lang='lat' dir='ltr'>mense,</span> <span class='ocrx_word' id='word_1_147' title='bbox 934 2412 1003 2475; x_wconf 92' lang='lat' dir='ltr'>quo</span> <span class='ocrx_word' id='word_1_148' title='bbox 1027 2405 1124 2458; x_wconf 88' lang='lat' dir='ltr'>ortus</span> <span class='ocrx_word' id='word_1_149' title='bbox 1149 2395 1194 2457; x_wconf 94' lang='lat' dir='ltr'>sit</span> 
     </span>
     <span class='ocr_line' id='line_1_21' title="bbox 70 2511 1193 2590; baseline -0.001 -16"><span class='ocrx_word' id='word_1_150' title='bbox 70 2530 147 2590; x_wconf 90' lang='lat' dir='ltr'>rex,</span> <span class='ocrx_word' id='word_1_151' title='bbox 198 2512 331 2575; x_wconf 89' lang='lat' dir='ltr'>obitum</span> <span class='ocrx_word' id='word_1_152' title='bbox 377 2521 456 2575; x_wconf 93' lang='lat' dir='ltr'>octo</span> <span class='ocrx_word' id='word_1_153' title='bbox 502 2512 682 2574; x_wconf 88' lang='lat' dir='ltr'>mensibus</span> <span class='ocrx_word' id='word_1_154' title='bbox 727 2520 808 2590; x_wconf 93' lang='lat' dir='ltr'>post</span> <span class='ocrx_word' id='word_1_155' title='bbox 854 2528 933 2573; x_wconf 89' lang='lat' dir='ltr'>esse</span> <span class='ocrx_word' id='word_1_156' title='bbox 984 2511 1193 2573; x_wconf 89' lang='lat' dir='ltr'>constituen-</span> 
     </span>
     <span class='ocr_line' id='line_1_22' title="bbox 72 2626 1192 2708; baseline 0.003 -19"><span class='ocrx_word' id='word_1_157' title='bbox 72 2630 156 2689; x_wconf 91' lang='lat' dir='ltr'>dum</span> <span class='ocrx_word' id='word_1_158' title='bbox 188 2629 292 2707; x_wconf 90' lang='lat' dir='ltr'>plane</span> <span class='ocrx_word' id='word_1_159' title='bbox 328 2637 482 2708; x_wconf 89' lang='lat' dir='ltr'>apparet.</span> <span class='ocrx_word' id='word_1_160' title='bbox 531 2626 705 2690; x_wconf 90' lang='lat' dir='ltr'>Arrianus</span> <span class='ocrx_word' id='word_1_161' title='bbox 741 2644 821 2688; x_wconf 93' lang='lat' dir='ltr'>cum</span> <span class='ocrx_word' id='word_1_162' title='bbox 848 2634 1001 2705; x_wconf 88' lang='lat' dir='ltr'>repetat:</span> <span class='ocrx_word' id='word_1_163' title='bbox 1031 2630 1081 2691; x_wconf 83' lang='grc' dir='ltr'>καὶ</span> <span class='ocrx_word' id='word_1_164' title='bbox 1115 2629 1192 2706; x_wconf 86' lang='grc' dir='ltr'>τοὺς</span> 
     </span>
     <span class='ocr_line' id='line_1_23' title="bbox 73 2736 1193 2825; baseline -0.005 -15"><span class='ocrx_word' id='word_1_165' title='bbox 73 2747 157 2810; x_wconf 86' lang='grc' dir='ltr'>ὀκτὼ</span> <span class='ocrx_word' id='word_1_166' title='bbox 171 2745 307 2823; x_wconf 84' lang='grc' dir='ltr'>τούτους</span> <span class='ocrx_word' id='word_1_167' title='bbox 332 2751 434 2825; x_wconf 84' lang='grc' dir='ltr'>μῆνας</span> <span class='ocrx_word' id='word_1_168' title='bbox 449 2763 535 2807; x_wconf 90' lang='lat' dir='ltr'>vere</span> <span class='ocrx_word' id='word_1_169' title='bbox 551 2743 747 2823; x_wconf 89' lang='lat' dir='ltr'>prodidisse</span> <span class='ocrx_word' id='word_1_170' title='bbox 763 2736 1007 2806; x_wconf 82' lang='lat' dir='ltr'>A&#39;ristobulum</span> <span class='ocrx_word' id='word_1_171' title='bbox 1023 2760 1193 2806; x_wconf 86' lang='lat' dir='ltr'>annorum</span> 
     </span>
     <span class='ocr_line' id='line_1_24' title="bbox 75 2858 1193 2941; baseline -0.002 -18"><span class='ocrx_word' id='word_1_172' title='bbox 75 2869 111 2923; x_wconf 82' lang='lat' dir='ltr'>et</span> <span class='ocrx_word' id='word_1_173' title='bbox 139 2860 317 2941; x_wconf 86' lang='lat' dir='ltr'>mensium,</span> <span class='ocrx_word' id='word_1_174' title='bbox 349 2878 441 2941; x_wconf 89' lang='lat' dir='ltr'>quos</span> <span class='ocrx_word' id='word_1_175' title='bbox 466 2861 555 2923; x_wconf 88' lang='lat' dir='ltr'>vidit</span> <span class='ocrx_word' id='word_1_176' title='bbox 578 2859 784 2922; x_wconf 83' lang='lat' dir='ltr'>Alexander</span> <span class='ocrx_word' id='word_1_177' title='bbox 813 2876 997 2921; x_wconf 91' lang='lat' dir='ltr'>numerum</span> <span class='ocrx_word' id='word_1_178' title='bbox 1027 2858 1193 2939; x_wconf 85' lang='lat' dir='ltr'>affirmat;</span> 
     </span>
     <span class='ocr_line' id='line_1_25' title="bbox 76 2962 1198 3057; baseline -0.002 -19"><span class='ocrx_word' id='word_1_179' title='bbox 76 2976 166 3057; x_wconf 92' lang='lat' dir='ltr'>quod</span> <span class='ocrx_word' id='word_1_180' title='bbox 177 2976 318 3039; x_wconf 88' lang='lat' dir='ltr'>minime</span> <span class='ocrx_word' id='word_1_181' title='bbox 330 2976 590 3057; x_wconf 84' lang='lat' dir='ltr'>neglegendum</span> <span class='ocrx_word' id='word_1_182' title='bbox 608 2994 686 3038; x_wconf 88' lang='lat' dir='ltr'>esse</span> <span class='ocrx_word' id='word_1_183' title='bbox 706 2976 876 3038; x_wconf 87' lang='lat' dir='ltr'>existimo.</span> <span class='ocrx_word' id='word_1_184' title='bbox 925 2992 1004 3037; x_wconf 90' lang='lat' dir='ltr'>cum</span> <span class='ocrx_word' id='word_1_185' title='bbox 1021 2962 1198 3037; x_wconf 76' lang='lat' dir='ltr'>summani</span> 
     </span>
     <span class='ocr_line' id='line_1_26' title="bbox 77 3090 1193 3169; baseline -0.003 -14"><span class='ocrx_word' id='word_1_186' title='bbox 77 3110 154 3155; x_wconf 85' lang='lat' dir='ltr'>esse</span> <span class='ocrx_word' id='word_1_187' title='bbox 174 3092 369 3155; x_wconf 88' lang='lat' dir='ltr'>Aristobuli</span> <span class='ocrx_word' id='word_1_188' title='bbox 405 3094 649 3155; x_wconf 89' lang='lat' dir='ltr'>auctoritatem</span> <span class='ocrx_word' id='word_1_189' title='bbox 684 3092 774 3155; x_wconf 88' lang='lat' dir='ltr'>inter</span> <span class='ocrx_word' id='word_1_190' title='bbox 810 3108 931 3154; x_wconf 90' lang='lat' dir='ltr'>omnes</span> <span class='ocrx_word' id='word_1_191' title='bbox 967 3099 1114 3169; x_wconf 75' lang='lat' dir='ltr'>constet,</span> <span class='ocrx_word' id='word_1_192' title='bbox 1150 3090 1193 3152; x_wconf 93' lang='lat' dir='ltr'>de</span> 
     </span>
     <span class='ocr_line' id='line_1_27' title="bbox 78 3206 1090 3288; baseline -0.001 -18"><span class='ocrx_word' id='word_1_193' title='bbox 78 3209 219 3271; x_wconf 85' lang='lat' dir='ltr'>aliorum</span> <span class='ocrx_word' id='word_1_194' title='bbox 242 3208 452 3288; x_wconf 85' lang='lat' dir='ltr'>scriptorum</span> <span class='ocrx_word' id='word_1_195' title='bbox 466 3208 712 3288; x_wconf 88' lang='lat' dir='ltr'>discrepantia</span> <span class='ocrx_word' id='word_1_196' title='bbox 734 3208 825 3270; x_wconf 76' lang='lat' dir='ltr'>infra</span> <span class='ocrx_word' id='word_1_197' title='bbox 849 3206 1090 3285; x_wconf 88' lang='lat' dir='ltr'>disputabitur.</span> 
     </span>
    </p>

    <p class='ocr_par' dir='ltr' id='par_1_6' title="bbox 179 3323 1192 3404">
     <span class='ocr_line' id='line_1_28' title="bbox 179 3323 1192 3404; baseline -0.003 -18"><span class='ocrx_word' id='word_1_198' title='bbox 179 3326 276 3403; x_wconf 90' lang='lat' dir='ltr'>Quae</span> <span class='ocrx_word' id='word_1_199' title='bbox 300 3334 487 3404; x_wconf 87' lang='lat' dir='ltr'>postquam</span> <span class='ocrx_word' id='word_1_200' title='bbox 509 3325 545 3386; x_wconf 88' lang='lat' dir='ltr'>in</span> <span class='ocrx_word' id='word_1_201' title='bbox 569 3324 774 3386; x_wconf 88' lang='lat' dir='ltr'>universum</span> <span class='ocrx_word' id='word_1_202' title='bbox 797 3323 972 3402; x_wconf 82' lang='lat' dir='ltr'>praemisi,</span> <span class='ocrx_word' id='word_1_203' title='bbox 997 3340 1091 3384; x_wconf 91' lang='lat' dir='ltr'>nunc</span> <span class='ocrx_word' id='word_1_204' title='bbox 1112 3340 1192 3402; x_wconf 93' lang='lat' dir='ltr'>quo-</span> 
     </span>
    </p>
   </div>
   <div class='ocr_carea' id='block_1_3' title="bbox 82 3515 1194 4105">
    <p class='ocr_par' dir='ltr' id='par_1_7' title="bbox 82 3515 1194 4105">
     <span class='ocr_line' id='line_1_29' title="bbox 116 3515 1194 3613; baseline -0.006 -14"><span class='ocrx_word' id='word_1_205' title='bbox 116 3602 119 3606; x_wconf 64' lang='lat'>,</span> <span class='ocrx_word' id='word_1_206' title='bbox 179 3549 204 3612; x_wconf 87' lang='lat'>1)</span> <span class='ocrx_word' id='word_1_207' title='bbox 224 3548 293 3599; x_wconf 72' lang='lat' dir='ltr'>em.</span> <span class='ocrx_word' id='word_1_208' title='bbox 313 3550 456 3613; x_wconf 80' lang='lat' dir='ltr'>xxxix,</span> <span class='ocrx_word' id='word_1_209' title='bbox 481 3547 541 3607; x_wconf 68' lang='lat'>492,</span> <span class='ocrx_word' id='word_1_210' title='bbox 574 3548 601 3597; x_wconf 74' lang='lat' dir='ltr'>rs</span> <span class='ocrx_word' id='word_1_211' title='bbox 629 3548 811 3596; x_wconf 71' lang='lat' dir='ltr'>dissertatione</span> <span class='ocrx_word' id='word_1_212' title='bbox 836 3562 904 3611; x_wconf 74' lang='lat' dir='ltr'>quat</span> <span class='ocrx_word' id='word_1_213' title='bbox 931 3546 1096 3596; x_wconf 66' lang='lat' dir='ltr'>inscribitur:</span> <span class='ocrx_word' id='word_1_214' title='bbox 1116 3515 1194 3604; x_wconf 39' lang='lat' dir='ltr'>quet</span> 
     </span>
     <span class='ocr_line' id='line_1_30' title="bbox 82 3633 575 3699; baseline -0.006 -1"><span class='ocrx_word' id='word_1_215' title='bbox 82 3647 183 3699; x_wconf 81' lang='lat' dir='ltr'>attisthe</span> <span class='ocrx_word' id='word_1_216' title='bbox 202 3644 385 3697; x_wconf 78' lang='lat' dir='ltr'>Schnltkreis“.</span> <span class='ocrx_word' id='word_1_217' title='bbox 573 3633 575 3638; x_wconf 35' lang='lat'><strong>¹</strong></span> 
     </span>
     <span class='ocr_line' id='line_1_31' title="bbox 178 3742 326 3810; baseline 0 -13"><span class='ocrx_word' id='word_1_218' title='bbox 178 3742 326 3810; x_wconf 80' lang='lat' dir='ltr'>2)n135.</span> 
     </span>
     <span class='ocr_line' id='line_1_32' title="bbox 137 3840 1192 3908; baseline -0.008 -13"><span class='ocrx_word' id='word_1_219' title='bbox 137 3845 139 3851; x_wconf 86' lang='grc'><strong>’</strong></span> <span class='ocrx_word' id='word_1_220' title='bbox 178 3842 203 3907; x_wconf 83' lang='grc'><strong>3)</strong></span> <span class='ocrx_word' id='word_1_221' title='bbox 222 3846 321 3893; x_wconf 88' lang='lat' dir='ltr'>Natum</span> <span class='ocrx_word' id='word_1_222' title='bbox 341 3860 409 3895; x_wconf 86' lang='lat' dir='ltr'>auno</span> <span class='ocrx_word' id='word_1_223' title='bbox 428 3842 488 3908; x_wconf 81' lang='lat'><strong>356,</strong></span> <span class='ocrx_word' id='word_1_224' title='bbox 508 3850 638 3892; x_wconf 88' lang='lat' dir='ltr'>mortuum</span> <span class='ocrx_word' id='word_1_225' title='bbox 657 3858 724 3891; x_wconf 83' lang='lat' dir='ltr'>anno</span> <span class='ocrx_word' id='word_1_226' title='bbox 743 3841 796 3894; x_wconf 87' lang='grc'>323</span> <span class='ocrx_word' id='word_1_227' title='bbox 814 3858 872 3891; x_wconf 87' lang='lat' dir='ltr'>esse</span> <span class='ocrx_word' id='word_1_228' title='bbox 891 3856 977 3905; x_wconf 88' lang='lat' dir='ltr'>regem</span> <span class='ocrx_word' id='word_1_229' title='bbox 997 3840 1095 3890; x_wconf 86' lang='lat' dir='ltr'>Ideleri</span> <span class='ocrx_word' id='word_1_230' title='bbox 1115 3856 1192 3903; x_wconf 80' lang='lat' dir='ltr'>quam</span> 
     </span>
     <span class='ocr_line' id='line_1_33' title="bbox 85 3931 1191 4010; baseline -0.008 -15"><span class='ocrx_word' id='word_1_231' title='bbox 85 3958 153 4010; x_wconf 85' lang='lat' dir='ltr'>supra</span> <span class='ocrx_word' id='word_1_232' title='bbox 174 3942 225 3991; x_wconf 82' lang='lat' dir='ltr'>dixi</span> <span class='ocrx_word' id='word_1_233' title='bbox 250 3942 435 3993; x_wconf 84' lang='lat' dir='ltr'>dissertatione</span> <span class='ocrx_word' id='word_1_234' title='bbox 456 3931 546 4009; x_wconf 73' lang='lat' dir='ltr'>„Uber</span> <span class='ocrx_word' id='word_1_235' title='bbox 572 3941 617 3990; x_wconf 84' lang='lat' dir='ltr'>das</span> <span class='ocrx_word' id='word_1_236' title='bbox 636 3940 783 4005; x_wconf 83' lang='lat' dir='ltr'>Todesjahr</span> <span class='ocrx_word' id='word_1_237' title='bbox 802 3938 966 3989; x_wconf 82' lang='lat' dir='ltr'>Alexanders</span> <span class='ocrx_word' id='word_1_238' title='bbox 992 3939 1040 3987; x_wconf 88' lang='lat' dir='ltr'>des</span> <span class='ocrx_word' id='word_1_239' title='bbox 1059 3935 1191 3988; x_wconf 84' lang='lat' dir='ltr'>Grossen“</span> 
     </span>
     <span class='ocr_line' id='line_1_34' title="bbox 85 4041 368 4105; baseline -0.007 -12"><span class='ocrx_word' id='word_1_240' title='bbox 85 4048 147 4098; x_wconf 74' lang='lat' dir='ltr'>certe</span> <span class='ocrx_word' id='word_1_241' title='bbox 163 4041 299 4105; x_wconf 81' lang='lat' dir='ltr'>probatum</span> <span class='ocrx_word' id='word_1_242' title='bbox 319 4048 368 4091; x_wconf 85' lang='lat' dir='ltr'>est.</span> 
     </span>
    </p>
   </div>
   <div class='ocr_carea' id='block_1_4' title="bbox 0 0 1367 4242">
    <p class='ocr_par' dir='ltr' id='par_1_8' title="bbox 0 0 1367 4242">
     <span class='ocr_line' id='line_1_35' title="bbox 0 0 1367 4242; baseline 0 0"><span class='ocrx_word' id='word_1_243' title='bbox 0 0 1367 4242; x_wconf 95' lang='lat' dir='ltr'> </span> 
     </span>
    </p>
   </div>
  </div>
 </body>
</html>
