<?xml version="1.0" encoding="UTF-8"?>
<!DOCTYPE html PUBLIC "-//W3C//DTD XHTML 1.0 Transitional//EN"
    "http://www.w3.org/TR/xhtml1/DTD/xhtml1-transitional.dtd">
<html xmlns="http://www.w3.org/1999/xhtml" xml:lang="en" lang="en">
 <head>
  <title>
</title>
<meta http-equiv="Content-Type" content="text/html;charset=utf-8" />
  <meta name='ocr-system' content='tesseract 3.04.00' />
  <meta name='ocr-capabilities' content='ocr_page ocr_carea ocr_par ocr_line ocrx_word'/>
</head>
<body>
  <div class='ocr_page' id='page_1' title='image "./commentationisd00geiegoog_0109.png"; bbox 0 0 2642 4242; ppageno 0'>
   <div class='ocr_carea' id='block_1_1' title="bbox 533 264 758 322">
    <p class='ocr_par' dir='ltr' id='par_1_1' title="bbox 533 264 758 322">
     <span class='ocr_line' id='line_1_1' title="bbox 533 264 758 322; baseline -0.004 -16"><span class='ocrx_word' id='word_1_1' title='bbox 533 264 758 322; x_wconf 59' lang='grc' dir='ltr'>..ω-</span> 
     </span>
    </p>
   </div>
   <div class='ocr_carea' id='block_1_2' title="bbox 106 435 1183 2665">
    <p class='ocr_par' dir='ltr' id='par_1_2' title="bbox 106 435 1183 2665">
     <span class='ocr_line' id='line_1_2' title="bbox 106 435 1179 524; baseline 0.002 -24"><span class='ocrx_word' id='word_1_2' title='bbox 106 438 208 501; x_wconf 88' lang='lat' dir='ltr'>otiam</span> <span class='ocrx_word' id='word_1_3' title='bbox 230 438 425 501; x_wconf 89' lang='lat' dir='ltr'>mutationes</span> <span class='ocrx_word' id='word_1_4' title='bbox 449 435 608 518; x_wconf 86' lang='lat' dir='ltr'>quasdam</span> <span class='ocrx_word' id='word_1_5' title='bbox 631 436 807 501; x_wconf 79' lang='lat' dir='ltr'>rhetorices</span> <span class='ocrx_word' id='word_1_6' title='bbox 832 456 930 524; x_wconf 84' lang='lat' dir='ltr'>eausa</span> <span class='ocrx_word' id='word_1_7' title='bbox 955 436 995 500; x_wconf 91' lang='lat' dir='ltr'>de</span> <span class='ocrx_word' id='word_1_8' title='bbox 1018 437 1179 502; x_wconf 83' lang='lat' dir='ltr'>industria</span> 
     </span>
     <span class='ocr_line' id='line_1_3' title="bbox 106 543 1178 626; baseline 0.001 -18"><span class='ocrx_word' id='word_1_9' title='bbox 106 544 231 624; x_wconf 85' lang='lat' dir='ltr'>fecisse,</span> <span class='ocrx_word' id='word_1_10' title='bbox 255 544 310 607; x_wconf 92' lang='lat' dir='ltr'>ille</span> <span class='ocrx_word' id='word_1_11' title='bbox 333 544 380 606; x_wconf 84' lang='lat' dir='ltr'>vir</span> <span class='ocrx_word' id='word_1_12' title='bbox 403 543 608 608; x_wconf 83' lang='lat' dir='ltr'>doctissimus</span> <span class='ocrx_word' id='word_1_13' title='bbox 640 545 738 608; x_wconf 86' lang='lat' dir='ltr'>etiam</span> <span class='ocrx_word' id='word_1_14' title='bbox 762 544 824 607; x_wconf 89' lang='lat' dir='ltr'>hao</span> <span class='ocrx_word' id='word_1_15' title='bbox 855 544 889 607; x_wconf 93' lang='lat' dir='ltr'>in</span> <span class='ocrx_word' id='word_1_16' title='bbox 921 565 956 607; x_wconf 91' lang='lat' dir='ltr'>re</span> <span class='ocrx_word' id='word_1_17' title='bbox 988 546 1115 626; x_wconf 83' lang='lat' dir='ltr'>erravit,</span> <span class='ocrx_word' id='word_1_18' title='bbox 1144 545 1178 609; x_wconf 93' lang='lat' dir='ltr'>id</span> 
     </span>
     <span class='ocr_line' id='line_1_4' title="bbox 107 650 1179 734; baseline 0.001 -18"><span class='ocrx_word' id='word_1_19' title='bbox 107 650 197 734; x_wconf 89' lang='lat' dir='ltr'>quod</span> <span class='ocrx_word' id='word_1_20' title='bbox 208 651 445 732; x_wconf 81' lang='lat' dir='ltr'>demonstrabo,</span> <span class='ocrx_word' id='word_1_21' title='bbox 463 658 499 715; x_wconf 85' lang='lat' dir='ltr'>ut</span> <span class='ocrx_word' id='word_1_22' title='bbox 514 651 660 734; x_wconf 86' lang='lat' dir='ltr'>exemplo</span> <span class='ocrx_word' id='word_1_23' title='bbox 675 657 759 731; x_wconf 88' lang='lat' dir='ltr'>utar,</span> <span class='ocrx_word' id='word_1_24' title='bbox 776 651 810 715; x_wconf 90' lang='lat' dir='ltr'>in</span> <span class='ocrx_word' id='word_1_25' title='bbox 830 672 869 715; x_wconf 90' lang='lat' dir='ltr'>ea</span> <span class='ocrx_word' id='word_1_26' title='bbox 883 672 929 733; x_wconf 89' lang='lat' dir='ltr'>re,</span> <span class='ocrx_word' id='word_1_27' title='bbox 948 672 1044 733; x_wconf 89' lang='lat' dir='ltr'>quam</span> <span class='ocrx_word' id='word_1_28' title='bbox 1055 652 1179 717; x_wconf 87' lang='lat' dir='ltr'>Kaerst</span> 
     </span>
     <span class='ocr_line' id='line_1_5' title="bbox 107 752 1179 844; baseline 0 -21"><span class='ocrx_word' id='word_1_29' title='bbox 107 759 155 843; x_wconf 82' lang='lat' dir='ltr'>(p.</span> <span class='ocrx_word' id='word_1_30' title='bbox 172 764 214 823; x_wconf 78' lang='lat'>24</span> <span class='ocrx_word' id='word_1_31' title='bbox 235 752 322 844; x_wconf 82' lang='lat' dir='ltr'>sqq.)</span> <span class='ocrx_word' id='word_1_32' title='bbox 347 758 388 822; x_wconf 87' lang='lat' dir='ltr'>de</span> <span class='ocrx_word' id='word_1_33' title='bbox 404 758 517 824; x_wconf 83' lang='lat' dir='ltr'>Curtio</span> <span class='ocrx_word' id='word_1_34' title='bbox 541 758 602 825; x_wconf 89' lang='lat' dir='ltr'>IV.</span> <span class='ocrx_word' id='word_1_35' title='bbox 620 761 650 839; x_wconf 84' lang='lat'>3,</span> <span class='ocrx_word' id='word_1_36' title='bbox 671 762 710 823; x_wconf 86' lang='lat'>11</span> <span class='ocrx_word' id='word_1_37' title='bbox 736 760 894 841; x_wconf 82' lang='lat' dir='ltr'>exposuit.</span> <span class='ocrx_word' id='word_1_38' title='bbox 940 758 1001 824; x_wconf 91' lang='lat' dir='ltr'>Ait</span> <span class='ocrx_word' id='word_1_39' title='bbox 1017 759 1101 823; x_wconf 88' lang='lat' dir='ltr'>enim</span> <span class='ocrx_word' id='word_1_40' title='bbox 1117 759 1179 825; x_wconf 87' lang='lat' dir='ltr'>hoo</span> 
     </span>
     <span class='ocr_line' id='line_1_6' title="bbox 106 864 1179 952; baseline 0 -21"><span class='ocrx_word' id='word_1_41' title='bbox 106 868 181 931; x_wconf 88' lang='lat' dir='ltr'>loco</span> <span class='ocrx_word' id='word_1_42' title='bbox 205 867 252 952; x_wconf 79' lang='lat' dir='ltr'>(p.</span> <span class='ocrx_word' id='word_1_43' title='bbox 269 867 326 951; x_wconf 81' lang='lat'>25)</span> <span class='ocrx_word' id='word_1_44' title='bbox 362 865 455 936; x_wconf 87' lang='lat' dir='ltr'>haec:</span> <span class='ocrx_word' id='word_1_45' title='bbox 488 886 543 947; x_wconf 86' lang='lat' dir='ltr'>„es</span> <span class='ocrx_word' id='word_1_46' title='bbox 571 866 696 930; x_wconf 90' lang='lat' dir='ltr'>kommt</span> <span class='ocrx_word' id='word_1_47' title='bbox 727 865 797 929; x_wconf 87' lang='lat' dir='ltr'>hier</span> <span class='ocrx_word' id='word_1_48' title='bbox 828 864 886 929; x_wconf 90' lang='lat' dir='ltr'>das</span> <span class='ocrx_word' id='word_1_49' title='bbox 910 865 1090 931; x_wconf 89' lang='lat' dir='ltr'>Bestreben</span> <span class='ocrx_word' id='word_1_50' title='bbox 1121 867 1179 933; x_wconf 88' lang='lat' dir='ltr'>der</span> 
     </span>
     <span class='ocr_line' id='line_1_7' title="bbox 107 969 1178 1057; baseline 0 -20"><span class='ocrx_word' id='word_1_51' title='bbox 107 974 342 1056; x_wconf 83' lang='lat' dir='ltr'>rhetorisohen,</span> <span class='ocrx_word' id='word_1_52' title='bbox 374 972 464 1036; x_wconf 83' lang='lat' dir='ltr'>nicht</span> <span class='ocrx_word' id='word_1_53' title='bbox 495 972 756 1054; x_wconf 88' lang='lat' dir='ltr'>pragmatisohen</span> <span class='ocrx_word' id='word_1_54' title='bbox 789 969 1178 1057; x_wconf 81' lang='lat' dir='ltr'>Gesohiohtssohreibung</span> 
     </span>
     <span class='ocr_line' id='line_1_8' title="bbox 107 1078 1180 1163; baseline 0.003 -19"><span class='ocrx_word' id='word_1_55' title='bbox 107 1081 214 1162; x_wconf 88' lang='lat' dir='ltr'>hinzu,</span> <span class='ocrx_word' id='word_1_56' title='bbox 242 1102 305 1146; x_wconf 84' lang='lat' dir='ltr'>von</span> <span class='ocrx_word' id='word_1_57' title='bbox 337 1078 430 1143; x_wconf 83' lang='lat' dir='ltr'>recht</span> <span class='ocrx_word' id='word_1_58' title='bbox 460 1078 689 1160; x_wconf 73' lang='lat' dir='ltr'>aiisserliohen,</span> <span class='ocrx_word' id='word_1_59' title='bbox 723 1079 931 1143; x_wconf 87' lang='lat' dir='ltr'>meistenteils</span> <span class='ocrx_word' id='word_1_60' title='bbox 962 1102 1057 1163; x_wconf 86' lang='lat' dir='ltr'>sogar</span> <span class='ocrx_word' id='word_1_61' title='bbox 1087 1080 1180 1147; x_wconf 85' lang='lat' dir='ltr'>reoht</span> 
     </span>
     <span class='ocr_line' id='line_1_9' title="bbox 107 1184 1180 1271; baseline 0.001 -20"><span class='ocrx_word' id='word_1_62' title='bbox 107 1190 342 1253; x_wconf 85' lang='lat' dir='ltr'>wunderbaren</span> <span class='ocrx_word' id='word_1_63' title='bbox 353 1186 521 1251; x_wconf 73' lang='lat' dir='ltr'>Anlassen</span> <span class='ocrx_word' id='word_1_64' title='bbox 532 1208 643 1268; x_wconf 88' lang='lat' dir='ltr'>grosse</span> <span class='ocrx_word' id='word_1_65' title='bbox 659 1184 821 1251; x_wconf 79' lang='lat' dir='ltr'>Einfliisse</span> <span class='ocrx_word' id='word_1_66' title='bbox 838 1185 897 1253; x_wconf 87' lang='lat' dir='ltr'>auf</span> <span class='ocrx_word' id='word_1_67' title='bbox 911 1186 964 1250; x_wconf 91' lang='lat' dir='ltr'>die</span> <span class='ocrx_word' id='word_1_68' title='bbox 981 1186 1180 1271; x_wconf 81' lang='lat' dir='ltr'>Gestaltung</span> 
     </span>
     <span class='ocr_line' id='line_1_10' title="bbox 106 1292 1181 1382; baseline 0.003 -24"><span class='ocrx_word' id='word_1_69' title='bbox 106 1297 169 1360; x_wconf 86' lang='lat' dir='ltr'>der</span> <span class='ocrx_word' id='word_1_70' title='bbox 199 1296 380 1377; x_wconf 78' lang='lat' dir='ltr'>Ereignisse</span> <span class='ocrx_word' id='word_1_71' title='bbox 413 1295 624 1365; x_wconf 62' lang='grc' dir='ltr'>6111161161ιὲί</span> <span class='ocrx_word' id='word_1_72' title='bbox 671 1292 817 1357; x_wconf 90' lang='lat' dir='ltr'>Koehler</span> <span class='ocrx_word' id='word_1_73' title='bbox 851 1292 883 1378; x_wconf 76' lang='lat'>(1.</span> <span class='ocrx_word' id='word_1_74' title='bbox 914 1315 940 1358; x_wconf 88' lang='grc' dir='ltr'>ο.</span> <span class='ocrx_word' id='word_1_75' title='bbox 970 1296 1091 1382; x_wconf 78' lang='lat' dir='ltr'>1n27),</span> <span class='ocrx_word' id='word_1_76' title='bbox 1126 1297 1181 1379; x_wconf 87' lang='lat' dir='ltr'>qui</span> 
     </span>
     <span class='ocr_line' id='line_1_11' title="bbox 108 1402 1180 1489; baseline -0.003 -21"><span class='ocrx_word' id='word_1_77' title='bbox 108 1405 194 1468; x_wconf 89' lang='lat' dir='ltr'>hanc</span> <span class='ocrx_word' id='word_1_78' title='bbox 208 1403 357 1467; x_wconf 83' lang='lat' dir='ltr'>Kaerstii</span> <span class='ocrx_word' id='word_1_79' title='bbox 381 1403 573 1467; x_wconf 86' lang='lat' dir='ltr'>sententiam</span> <span class='ocrx_word' id='word_1_80' title='bbox 588 1402 767 1484; x_wconf 87' lang='lat' dir='ltr'>impugnat,</span> <span class='ocrx_word' id='word_1_81' title='bbox 793 1409 901 1466; x_wconf 86' lang='lat' dir='ltr'>censet</span> <span class='ocrx_word' id='word_1_82' title='bbox 926 1402 966 1465; x_wconf 90' lang='lat' dir='ltr'>de</span> <span class='ocrx_word' id='word_1_83' title='bbox 989 1403 1067 1467; x_wconf 84' lang='lat' dir='ltr'>loeis</span> <span class='ocrx_word' id='word_1_84' title='bbox 1092 1402 1180 1489; x_wconf 88' lang='lat' dir='ltr'>apud</span> 
     </span>
     <span class='ocr_line' id='line_1_12' title="bbox 109 1507 1181 1593; baseline -0.002 -18"><span class='ocrx_word' id='word_1_85' title='bbox 109 1511 293 1576; x_wconf 88' lang='lat' dir='ltr'>Diodorum</span> <span class='ocrx_word' id='word_1_86' title='bbox 317 1514 370 1592; x_wconf 79' lang='lat'>42,</span> <span class='ocrx_word' id='word_1_87' title='bbox 389 1518 407 1575; x_wconf 89' lang='grc'><strong>6</strong></span> <span class='ocrx_word' id='word_1_88' title='bbox 433 1518 466 1573; x_wconf 85' lang='grc'>61</span> <span class='ocrx_word' id='word_1_89' title='bbox 488 1509 576 1593; x_wconf 68' lang='lat' dir='ltr'>aliud</span> <span class='ocrx_word' id='word_1_90' title='bbox 600 1507 749 1575; x_wconf 78' lang='lat' dir='ltr'>Curtium</span> <span class='ocrx_word' id='word_1_91' title='bbox 765 1508 825 1579; x_wconf 86' lang='lat' dir='ltr'>IV.</span> <span class='ocrx_word' id='word_1_92' title='bbox 852 1514 881 1590; x_wconf 86' lang='lat'>3,</span> <span class='ocrx_word' id='word_1_93' title='bbox 903 1514 942 1575; x_wconf 88' lang='grc'>11</span> <span class='ocrx_word' id='word_1_94' title='bbox 968 1524 1001 1573; x_wconf 84' lang='lat' dir='ltr'>et</span> <span class='ocrx_word' id='word_1_95' title='bbox 1024 1514 1090 1591; x_wconf 85' lang='lat'>4‚1</span> <span class='ocrx_word' id='word_1_96' title='bbox 1116 1530 1181 1573; x_wconf 91' lang='lat' dir='ltr'>non</span> 
     </span>
     <span class='ocr_line' id='line_1_13' title="bbox 108 1613 1181 1701; baseline -0.003 -18"><span class='ocrx_word' id='word_1_97' title='bbox 108 1621 188 1683; x_wconf 86' lang='lat' dir='ltr'>satis</span> <span class='ocrx_word' id='word_1_98' title='bbox 220 1626 306 1683; x_wconf 87' lang='lat' dir='ltr'>certe</span> <span class='ocrx_word' id='word_1_99' title='bbox 334 1617 470 1699; x_wconf 85' lang='lat' dir='ltr'>intelligi</span> <span class='ocrx_word' id='word_1_100' title='bbox 502 1638 598 1701; x_wconf 86' lang='lat' dir='ltr'>posse</span> <span class='ocrx_word' id='word_1_101' title='bbox 629 1623 738 1678; x_wconf 87' lang='lat' dir='ltr'>utrum</span> <span class='ocrx_word' id='word_1_102' title='bbox 762 1613 893 1679; x_wconf 76' lang='lat' dir='ltr'>Curtius</span> <span class='ocrx_word' id='word_1_103' title='bbox 927 1638 967 1679; x_wconf 88' lang='lat' dir='ltr'>ex</span> <span class='ocrx_word' id='word_1_104' title='bbox 996 1619 1181 1680; x_wconf 72' lang='lat' dir='ltr'>narratione</span> 
     </span>
     <span class='ocr_line' id='line_1_14' title="bbox 111 1720 1181 1794; baseline -0.005 -4"><span class='ocrx_word' id='word_1_105' title='bbox 111 1725 270 1791; x_wconf 82' lang='lat' dir='ltr'>Clitarohi</span> <span class='ocrx_word' id='word_1_106' title='bbox 300 1724 380 1788; x_wconf 88' lang='lat' dir='ltr'>duas</span> <span class='ocrx_word' id='word_1_107' title='bbox 405 1723 547 1788; x_wconf 88' lang='lat' dir='ltr'>diversas</span> <span class='ocrx_word' id='word_1_108' title='bbox 580 1723 783 1787; x_wconf 84' lang='lat' dir='ltr'>narrationes</span> <span class='ocrx_word' id='word_1_109' title='bbox 816 1720 929 1785; x_wconf 85' lang='lat' dir='ltr'>feeerit</span> <span class='ocrx_word' id='word_1_110' title='bbox 958 1744 1068 1794; x_wconf 72' lang='lat' dir='ltr'>necne</span> <span class='ocrx_word' id='word_1_111' title='bbox 1114 1720 1181 1787; x_wconf 81' lang='lat' dir='ltr'>Sed</span> 
     </span>
     <span class='ocr_line' id='line_1_15' title="bbox 109 1829 1182 1914; baseline -0.003 -18"><span class='ocrx_word' id='word_1_112' title='bbox 109 1834 348 1914; x_wconf 83' lang='lat' dir='ltr'>argumentatio</span> <span class='ocrx_word' id='word_1_113' title='bbox 373 1830 520 1894; x_wconf 88' lang='lat' dir='ltr'>Kaerstii</span> <span class='ocrx_word' id='word_1_114' title='bbox 547 1829 762 1912; x_wconf 88' lang='lat' dir='ltr'>improbanda</span> <span class='ocrx_word' id='word_1_115' title='bbox 786 1835 844 1909; x_wconf 90' lang='lat' dir='ltr'>est,</span> <span class='ocrx_word' id='word_1_116' title='bbox 875 1849 946 1892; x_wconf 90' lang='lat' dir='ltr'>oum</span> <span class='ocrx_word' id='word_1_117' title='bbox 976 1840 1008 1893; x_wconf 86' lang='lat' dir='ltr'>et</span> <span class='ocrx_word' id='word_1_118' title='bbox 1035 1830 1125 1893; x_wconf 89' lang='lat' dir='ltr'>illum</span> <span class='ocrx_word' id='word_1_119' title='bbox 1150 1836 1182 1893; x_wconf 87' lang='lat' dir='ltr'>et</span> 
     </span>
     <span class='ocr_line' id='line_1_16' title="bbox 109 1934 1182 2021; baseline -0.004 -17"><span class='ocrx_word' id='word_1_120' title='bbox 109 1939 313 2004; x_wconf 88' lang='lat' dir='ltr'>Koehlerum</span> <span class='ocrx_word' id='word_1_121' title='bbox 329 1938 417 2002; x_wconf 85' lang='lat' dir='ltr'>locus</span> <span class='ocrx_word' id='word_1_122' title='bbox 439 1936 526 2019; x_wconf 90' lang='lat' dir='ltr'>apud</span> <span class='ocrx_word' id='word_1_123' title='bbox 543 1936 725 2000; x_wconf 89' lang='lat' dir='ltr'>Diodorum</span> <span class='ocrx_word' id='word_1_124' title='bbox 749 1936 817 2021; x_wconf 84' lang='lat'>(45,</span> <span class='ocrx_word' id='word_1_125' title='bbox 837 1934 868 2021; x_wconf 82' lang='lat'>7)</span> <span class='ocrx_word' id='word_1_126' title='bbox 885 1934 1015 2017; x_wconf 76' lang='lat' dir='ltr'>ingerit.</span> <span class='ocrx_word' id='word_1_127' title='bbox 1047 1936 1182 2000; x_wconf 89' lang='lat' dir='ltr'>Minime</span> 
     </span>
     <span class='ocr_line' id='line_1_17' title="bbox 110 2042 1180 2121; baseline -0.004 -12"><span class='ocrx_word' id='word_1_128' title='bbox 110 2046 197 2109; x_wconf 85' lang='lat' dir='ltr'>enim</span> <span class='ocrx_word' id='word_1_129' title='bbox 207 2044 337 2110; x_wconf 78' lang='lat' dir='ltr'>Curtius</span> <span class='ocrx_word' id='word_1_130' title='bbox 354 2044 415 2109; x_wconf 87' lang='lat' dir='ltr'>hoo</span> <span class='ocrx_word' id='word_1_131' title='bbox 428 2044 499 2108; x_wconf 85' lang='lat' dir='ltr'>loco</span> <span class='ocrx_word' id='word_1_132' title='bbox 512 2044 688 2109; x_wconf 82' lang='lat' dir='ltr'>rhetorices</span> <span class='ocrx_word' id='word_1_133' title='bbox 700 2064 797 2109; x_wconf 84' lang='lat' dir='ltr'>eausa</span> <span class='ocrx_word' id='word_1_134' title='bbox 809 2064 848 2109; x_wconf 85' lang='lat' dir='ltr'>ex</span> <span class='ocrx_word' id='word_1_135' title='bbox 859 2042 1024 2107; x_wconf 88' lang='lat' dir='ltr'>voluntate</span> <span class='ocrx_word' id='word_1_136' title='bbox 1035 2043 1180 2121; x_wconf 85' lang='lat' dir='ltr'>mutavit,</span> 
     </span>
     <span class='ocr_line' id='line_1_18' title="bbox 110 2150 1183 2234; baseline -0.001 -19"><span class='ocrx_word' id='word_1_137' title='bbox 110 2172 218 2234; x_wconf 86' lang='lat' dir='ltr'>neque</span> <span class='ocrx_word' id='word_1_138' title='bbox 240 2153 365 2217; x_wconf 88' lang='lat' dir='ltr'>Kaerst</span> <span class='ocrx_word' id='word_1_139' title='bbox 390 2150 432 2214; x_wconf 90' lang='lat' dir='ltr'>ad</span> <span class='ocrx_word' id='word_1_140' title='bbox 457 2173 526 2214; x_wconf 89' lang='lat' dir='ltr'>eam</span> <span class='ocrx_word' id='word_1_141' title='bbox 551 2152 743 2215; x_wconf 86' lang='lat' dir='ltr'>sententiam</span> <span class='ocrx_word' id='word_1_142' title='bbox 767 2151 960 2231; x_wconf 88' lang='lat' dir='ltr'>traheretur,</span> <span class='ocrx_word' id='word_1_143' title='bbox 993 2150 1054 2220; x_wconf 86' lang='lat' dir='ltr'>nisi</span> <span class='ocrx_word' id='word_1_144' title='bbox 1076 2150 1183 2214; x_wconf 84' lang='lat' dir='ltr'>locum</span> 
     </span>
     <span class='ocr_line' id='line_1_19' title="bbox 110 2257 1182 2345; baseline -0.002 -22"><span class='ocrx_word' id='word_1_145' title='bbox 110 2260 200 2345; x_wconf 86' lang='lat' dir='ltr'>apud</span> <span class='ocrx_word' id='word_1_146' title='bbox 217 2260 401 2324; x_wconf 88' lang='lat' dir='ltr'>Diodorum</span> <span class='ocrx_word' id='word_1_147' title='bbox 421 2263 474 2339; x_wconf 87' lang='grc'>45,</span> <span class='ocrx_word' id='word_1_148' title='bbox 494 2264 511 2322; x_wconf 87' lang='grc'>7</span> <span class='ocrx_word' id='word_1_149' title='bbox 537 2259 741 2340; x_wconf 84' lang='lat' dir='ltr'>neglegentia</span> <span class='ocrx_word' id='word_1_150' title='bbox 756 2258 986 2343; x_wconf 80' lang='lat' dir='ltr'>praeteriisset,</span> <span class='ocrx_word' id='word_1_151' title='bbox 1018 2258 1105 2321; x_wconf 88' lang='lat' dir='ltr'>Nam</span> <span class='ocrx_word' id='word_1_152' title='bbox 1121 2257 1182 2321; x_wconf 83' lang='lat' dir='ltr'>hoo</span> 
     </span>
     <span class='ocr_line' id='line_1_20' title="bbox 110 2364 1180 2449; baseline -0.007 -16"><span class='ocrx_word' id='word_1_153' title='bbox 110 2368 184 2433; x_wconf 87' lang='lat' dir='ltr'>loco</span> <span class='ocrx_word' id='word_1_154' title='bbox 196 2368 351 2449; x_wconf 83' lang='lat' dir='ltr'>intelliges</span> <span class='ocrx_word' id='word_1_155' title='bbox 369 2365 516 2431; x_wconf 88' lang='lat' dir='ltr'>Curtium</span> <span class='ocrx_word' id='word_1_156' title='bbox 531 2366 619 2430; x_wconf 91' lang='lat' dir='ltr'>nullo</span> <span class='ocrx_word' id='word_1_157' title='bbox 636 2365 733 2432; x_wconf 91' lang='lat' dir='ltr'>modo</span> <span class='ocrx_word' id='word_1_158' title='bbox 752 2387 791 2429; x_wconf 82' lang='lat' dir='ltr'>ex</span> <span class='ocrx_word' id='word_1_159' title='bbox 808 2364 942 2428; x_wconf 89' lang='lat' dir='ltr'>arbitrio</span> <span class='ocrx_word' id='word_1_160' title='bbox 960 2386 1011 2427; x_wconf 87' lang='lat' dir='ltr'>res</span> <span class='ocrx_word' id='word_1_161' title='bbox 1028 2371 1180 2445; x_wconf 88' lang='lat' dir='ltr'>mutasse,</span> 
     </span>
     <span class='ocr_line' id='line_1_21' title="bbox 110 2471 1181 2558; baseline -0.003 -20"><span class='ocrx_word' id='word_1_162' title='bbox 110 2475 170 2538; x_wconf 90' lang='lat' dir='ltr'>sed</span> <span class='ocrx_word' id='word_1_163' title='bbox 193 2475 258 2555; x_wconf 92' lang='lat' dir='ltr'>illa,</span> <span class='ocrx_word' id='word_1_164' title='bbox 284 2496 368 2556; x_wconf 86' lang='lat' dir='ltr'>quae</span> <span class='ocrx_word' id='word_1_165' title='bbox 391 2474 435 2558; x_wconf 80' lang='lat'>(4,</span> <span class='ocrx_word' id='word_1_166' title='bbox 452 2474 494 2557; x_wconf 85' lang='grc'>1)</span> <span class='ocrx_word' id='word_1_167' title='bbox 518 2474 671 2552; x_wconf 88' lang='lat' dir='ltr'>narravit,</span> <span class='ocrx_word' id='word_1_168' title='bbox 702 2493 742 2536; x_wconf 83' lang='lat' dir='ltr'>ex</span> <span class='ocrx_word' id='word_1_169' title='bbox 767 2472 878 2537; x_wconf 86' lang='lat' dir='ltr'>eodem</span> <span class='ocrx_word' id='word_1_170' title='bbox 909 2471 998 2535; x_wconf 86' lang='lat' dir='ltr'>fonte</span> <span class='ocrx_word' id='word_1_171' title='bbox 1026 2471 1181 2552; x_wconf 83' lang='lat' dir='ltr'>hausisse,</span> 
     </span>
     <span class='ocr_line' id='line_1_22' title="bbox 111 2581 697 2665; baseline 0.003 -23"><span class='ocrx_word' id='word_1_172' title='bbox 111 2604 178 2664; x_wconf 80' lang='lat' dir='ltr'>quo</span> <span class='ocrx_word' id='word_1_173' title='bbox 201 2581 368 2645; x_wconf 89' lang='lat' dir='ltr'>Diodorus</span> <span class='ocrx_word' id='word_1_174' title='bbox 393 2602 520 2665; x_wconf 88' lang='lat' dir='ltr'>quoque</span> <span class='ocrx_word' id='word_1_175' title='bbox 544 2603 619 2645; x_wconf 90' lang='lat' dir='ltr'>usus</span> <span class='ocrx_word' id='word_1_176' title='bbox 644 2581 697 2650; x_wconf 83' lang='lat' dir='ltr'>sit.</span> 
     </span>
    </p>
   </div>
   <div class='ocr_carea' id='block_1_3' title="bbox 110 2704 1186 3396">
    <p class='ocr_par' dir='ltr' id='par_1_3' title="bbox 110 2704 1186 3308">
     <span class='ocr_line' id='line_1_23' title="bbox 185 2704 1182 2772; baseline -0.004 -13"><span class='ocrx_word' id='word_1_177' title='bbox 185 2706 268 2759; x_wconf 83' lang='lat' dir='ltr'>Diod.</span> <span class='ocrx_word' id='word_1_178' title='bbox 289 2705 385 2759; x_wconf 87' lang='lat' dir='ltr'>XVH.</span> <span class='ocrx_word' id='word_1_179' title='bbox 405 2705 449 2771; x_wconf 82' lang='lat'>45,</span> <span class='ocrx_word' id='word_1_180' title='bbox 464 2709 493 2759; x_wconf 83' lang='lat'>7:</span> <span class='ocrx_word' id='word_1_181' title='bbox 519 2710 563 2755; x_wconf 77' lang='grc' dir='ltr'>καὶ</span> <span class='ocrx_word' id='word_1_182' title='bbox 592 2705 621 2755; x_wconf 73' lang='grc' dir='ltr'>τὸ</span> <span class='ocrx_word' id='word_1_183' title='bbox 748 2705 825 2757; x_wconf 82' lang='lat' dir='ltr'>Ourt.</span> <span class='ocrx_word' id='word_1_184' title='bbox 838 2708 863 2771; x_wconf 72' lang='lat'>4,</span> <span class='ocrx_word' id='word_1_185' title='bbox 878 2705 902 2757; x_wconf 86' lang='lat'>1.</span> <span class='ocrx_word' id='word_1_186' title='bbox 917 2704 973 2757; x_wconf 84' lang='lat' dir='ltr'>Hie</span> <span class='ocrx_word' id='word_1_187' title='bbox 987 2722 1036 2757; x_wconf 89' lang='lat' dir='ltr'>rex</span> <span class='ocrx_word' id='word_1_188' title='bbox 1048 2704 1182 2772; x_wconf 85' lang='lat' dir='ltr'>fatigatus</span> 
     </span>
     <span class='ocr_line' id='line_1_24' title="bbox 110 2778 1184 2864; baseline 0.002 -21"><span class='ocrx_word' id='word_1_189' title='bbox 110 2778 621 2864; x_wconf 64' lang='grc' dir='ltr'>μὲνπρῶεονέἆιρινολῦοοιτὴνπολιοο-</span> <span class='ocrx_word' id='word_1_190' title='bbox 677 2799 815 2846; x_wconf 86' lang='lat' dir='ltr'>statuerat</span> <span class='ocrx_word' id='word_1_191' title='bbox 840 2794 933 2846; x_wconf 89' lang='lat' dir='ltr'>soluta</span> <span class='ocrx_word' id='word_1_192' title='bbox 964 2794 1109 2847; x_wconf 86' lang='lat' dir='ltr'>obsidione</span> <span class='ocrx_word' id='word_1_193' title='bbox 1129 2794 1184 2845; x_wconf 84' lang='lat' dir='ltr'>Ae·</span> 
     </span>
     <span class='ocr_line' id='line_1_25' title="bbox 111 2880 1184 2952; baseline 0 -17"><span class='ocrx_word' id='word_1_194' title='bbox 111 2886 174 2935; x_wconf 80' lang='grc' dir='ltr'>κιάν</span> <span class='ocrx_word' id='word_1_195' title='bbox 201 2890 246 2935; x_wconf 82' lang='grc' dir='ltr'>καὶ</span> <span class='ocrx_word' id='word_1_196' title='bbox 275 2882 322 2949; x_wconf 67' lang='grc' dir='ltr'>τὴν</span> <span class='ocrx_word' id='word_1_197' title='bbox 345 2885 488 2952; x_wconf 63' lang='grc' dir='ltr'><em>στρατείαν</em></span> <span class='ocrx_word' id='word_1_198' title='bbox 506 2880 550 2933; x_wconf 67' lang='grc' dir='ltr'>ἐπὶ</span> <span class='ocrx_word' id='word_1_199' title='bbox 576 2882 623 2947; x_wconf 63' lang='grc' dir='ltr'>τὴν</span> <span class='ocrx_word' id='word_1_200' title='bbox 678 2888 796 2949; x_wconf 74' lang='lat' dir='ltr'>gyptum</span> <span class='ocrx_word' id='word_1_201' title='bbox 822 2888 934 2949; x_wconf 72' lang='lat' dir='ltr'>petere..</span> <span class='ocrx_word' id='word_1_202' title='bbox 965 2881 1096 2935; x_wconf 78' lang='lat' dir='ltr'>Ceterum</span> <span class='ocrx_word' id='word_1_203' title='bbox 1125 2886 1184 2935; x_wconf 78' lang='lat' dir='ltr'>tam</span> 
     </span>
     <span class='ocr_line' id='line_1_26' title="bbox 123 2971 1185 3043; baseline -0.001 -20"><span class='ocrx_word' id='word_1_204' title='bbox 123 2972 253 3040; x_wconf 62' lang='lat' dir='ltr'>li&#39;yvrrror</span> <span class='ocrx_word' id='word_1_205' title='bbox 282 2974 429 3023; x_wconf 78' lang='grc' dir='ltr'><strong><em>ποιεῖσθαι·</em></strong></span> <span class='ocrx_word' id='word_1_206' title='bbox 459 2971 624 3038; x_wconf 60' lang='lat' dir='ltr'>⁵usrrrroijoots</span> <span class='ocrx_word' id='word_1_207' title='bbox 679 2971 820 3023; x_wconf 73' lang='lat' dir='ltr'>discedere</span> <span class='ocrx_word' id='word_1_208' title='bbox 838 2971 963 3038; x_wconf 82' lang='lat' dir='ltr'>inritum,</span> <span class='ocrx_word' id='word_1_209' title='bbox 982 2989 1067 3043; x_wconf 20' lang='lat' dir='ltr'>&#39;quam</span> <span class='ocrx_word' id='word_1_210' title='bbox 1081 2971 1185 3025; x_wconf 83' lang='lat' dir='ltr'>morari</span> 
     </span>
     <span class='ocr_line' id='line_1_27' title="bbox 112 3055 1184 3129; baseline 0.002 -17"><span class='ocrx_word' id='word_1_211' title='bbox 112 3062 142 3113; x_wconf 75' lang='grc' dir='ltr'>δὲ</span> <span class='ocrx_word' id='word_1_212' title='bbox 160 3061 243 3113; x_wconf 48' lang='grc' dir='ltr'>πάλιν</span> <span class='ocrx_word' id='word_1_213' title='bbox 266 3055 310 3112; x_wconf 75' lang='lat' dir='ltr'>icat</span> <span class='ocrx_word' id='word_1_214' title='bbox 332 3063 439 3126; x_wconf 70' lang='lat' dir='ltr'>vorione</span> <span class='ocrx_word' id='word_1_215' title='bbox 462 3056 570 3127; x_wconf 74' lang='grc' dir='ltr'><strong><em>αῖοχοον</em></strong></span> <span class='ocrx_word' id='word_1_216' title='bbox 589 3057 623 3110; x_wconf 74' lang='lat' dir='ltr'>si·</span> <span class='ocrx_word' id='word_1_217' title='bbox 679 3061 815 3129; x_wconf 85' lang='lat' dir='ltr'>pudebat:</span> <span class='ocrx_word' id='word_1_218' title='bbox 837 3058 941 3111; x_wconf 87' lang='lat' dir='ltr'>famam</span> <span class='ocrx_word' id='word_1_219' title='bbox 962 3078 1071 3127; x_wconf 83' lang='lat' dir='ltr'>quoque</span> <span class='ocrx_word' id='word_1_220' title='bbox 1097 3101 1103 3112; x_wconf 89' lang='lat'><strong>.</strong></span> <span class='ocrx_word' id='word_1_221' title='bbox 1125 3101 1130 3111; x_wconf 93' lang='lat'>.</span> <span class='ocrx_word' id='word_1_222' title='bbox 1152 3100 1184 3114; x_wconf 83' lang='lat'>..</span> 
     </span>
     <span class='ocr_line' id='line_1_28' title="bbox 113 3148 1186 3220; baseline 0.001 -20"><span class='ocrx_word' id='word_1_223' title='bbox 113 3171 158 3200; x_wconf 81' lang='lat' dir='ltr'>rur.</span> <span class='ocrx_word' id='word_1_224' title='bbox 174 3149 357 3220; x_wconf 78' lang='grc' dir='ltr'><strong><em>ταραχωρῆοαι</em></strong></span> <span class='ocrx_word' id='word_1_225' title='bbox 374 3151 478 3217; x_wconf 76' lang='grc' dir='ltr'><strong><em>Τυρίοις</em></strong></span> <span class='ocrx_word' id='word_1_226' title='bbox 491 3149 535 3214; x_wconf 69' lang='grc' dir='ltr'>τῆς</span> <span class='ocrx_word' id='word_1_227' title='bbox 552 3151 620 3199; x_wconf 81' lang='grc' dir='ltr'><em>κατὰ</em></span> <span class='ocrx_word' id='word_1_228' title='bbox 679 3155 756 3201; x_wconf 85' lang='lat' dir='ltr'>ratus</span> <span class='ocrx_word' id='word_1_229' title='bbox 780 3149 914 3203; x_wconf 81' lang='lat' dir='ltr'>leviorem</span> <span class='ocrx_word' id='word_1_230' title='bbox 940 3148 1007 3213; x_wconf 73' lang='lat' dir='ltr'>fore,</span> <span class='ocrx_word' id='word_1_231' title='bbox 1034 3150 1056 3201; x_wconf 83' lang='lat' dir='ltr'>si</span> <span class='ocrx_word' id='word_1_232' title='bbox 1081 3148 1186 3216; x_wconf 83' lang='lat' dir='ltr'>Tyrum</span> 
     </span>
     <span class='ocr_line' id='line_1_29' title="bbox 114 3236 1186 3308; baseline 0.001 -19"><span class='ocrx_word' id='word_1_233' title='bbox 114 3240 164 3306; x_wconf 64' lang='grc' dir='ltr'>τὴν</span> <span class='ocrx_word' id='word_1_234' title='bbox 182 3238 339 3308; x_wconf 75' lang='grc' dir='ltr'><strong><em>πολιορκίαν</em></strong></span> <span class='ocrx_word' id='word_1_235' title='bbox 358 3236 444 3303; x_wconf 78' lang='grc' dir='ltr'><strong><em>δόξης.</em></strong></span> <span class='ocrx_word' id='word_1_236' title='bbox 678 3240 756 3306; x_wconf 83' lang='lat' dir='ltr'>quasi</span> <span class='ocrx_word' id='word_1_237' title='bbox 788 3243 889 3291; x_wconf 85' lang='lat' dir='ltr'>testem</span> <span class='ocrx_word' id='word_1_238' title='bbox 927 3255 956 3290; x_wconf 87' lang='lat' dir='ltr'>se</span> <span class='ocrx_word' id='word_1_239' title='bbox 993 3255 1073 3305; x_wconf 83' lang='lat' dir='ltr'>posse</span> <span class='ocrx_word' id='word_1_240' title='bbox 1111 3238 1186 3290; x_wconf 89' lang='lat' dir='ltr'>viuoi</span> 
     </span>
    </p>

    <p class='ocr_par' dir='ltr' id='par_1_4' title="bbox 677 3328 846 3396">
     <span class='ocr_line' id='line_1_30' title="bbox 677 3328 846 3396; baseline -0.006 -17"><span class='ocrx_word' id='word_1_241' title='bbox 677 3328 846 3396; x_wconf 86' lang='lat' dir='ltr'>reliquisset.</span> 
     </span>
    </p>
   </div>
   <div class='ocr_carea' id='block_1_4' title="bbox 111 3422 1188 4037">
    <p class='ocr_par' dir='ltr' id='par_1_5' title="bbox 147 3422 1188 3514">
     <span class='ocr_line' id='line_1_31' title="bbox 147 3422 1188 3514; baseline -0.004 -13"><span class='ocrx_word' id='word_1_242' title='bbox 147 3422 150 3429; x_wconf 38' lang='lat'>¹</span> <span class='ocrx_word' id='word_1_243' title='bbox 203 3436 329 3501; x_wconf 82' lang='lat' dir='ltr'>Eadem</span> <span class='ocrx_word' id='word_1_244' title='bbox 360 3436 498 3501; x_wconf 86' lang='lat' dir='ltr'>fortasse</span> <span class='ocrx_word' id='word_1_245' title='bbox 528 3436 604 3499; x_wconf 83' lang='lat' dir='ltr'>licet</span> <span class='ocrx_word' id='word_1_246' title='bbox 637 3442 781 3499; x_wconf 85' lang='lat' dir='ltr'>statuere</span> <span class='ocrx_word' id='word_1_247' title='bbox 811 3434 930 3499; x_wconf 90' lang='lat' dir='ltr'>inillis</span> <span class='ocrx_word' id='word_1_248' title='bbox 957 3454 1039 3514; x_wconf 76' lang='lat' dir='ltr'>quae</span> <span class='ocrx_word' id='word_1_249' title='bbox 1063 3432 1188 3497; x_wconf 88' lang='lat' dir='ltr'>Kaerst</span> 
     </span>
    </p>

    <p class='ocr_par' dir='ltr' id='par_1_6' title="bbox 114 3541 1187 3627">
     <span class='ocr_line' id='line_1_32' title="bbox 114 3541 1187 3627; baseline -0.003 -19"><span class='ocrx_word' id='word_1_250' title='bbox 114 3544 160 3627; x_wconf 84' lang='lat' dir='ltr'>(p.</span> <span class='ocrx_word' id='word_1_251' title='bbox 188 3547 242 3627; x_wconf 76' lang='lat'>17)</span> <span class='ocrx_word' id='word_1_252' title='bbox 275 3544 385 3608; x_wconf 87' lang='lat' dir='ltr'>attulit</span> <span class='ocrx_word' id='word_1_253' title='bbox 418 3543 458 3607; x_wconf 91' lang='lat' dir='ltr'>de</span> <span class='ocrx_word' id='word_1_254' title='bbox 491 3564 606 3623; x_wconf 89' lang='lat' dir='ltr'>causa,</span> <span class='ocrx_word' id='word_1_255' title='bbox 641 3563 698 3606; x_wconf 86' lang='lat' dir='ltr'>our</span> <span class='ocrx_word' id='word_1_256' title='bbox 730 3541 863 3607; x_wconf 82' lang='lat' dir='ltr'>Curtius</span> <span class='ocrx_word' id='word_1_257' title='bbox 895 3563 1002 3621; x_wconf 88' lang='lat' dir='ltr'>regem</span> <span class='ocrx_word' id='word_1_258' title='bbox 1035 3561 1187 3622; x_wconf 86' lang='lat' dir='ltr'>aggerem</span> 
     </span>
    </p>

    <p class='ocr_par' dir='ltr' id='par_1_7' title="bbox 111 3648 1188 3732">
     <span class='ocr_line' id='line_1_33' title="bbox 111 3648 1188 3732; baseline -0.002 -18"><span class='ocrx_word' id='word_1_259' title='bbox 111 3652 211 3715; x_wconf 88' lang='lat' dir='ltr'>latins</span> <span class='ocrx_word' id='word_1_260' title='bbox 226 3653 347 3715; x_wconf 86' lang='lat' dir='ltr'>exstrui</span> <span class='ocrx_word' id='word_1_261' title='bbox 357 3652 486 3715; x_wconf 85' lang='lat' dir='ltr'>iussisse</span> <span class='ocrx_word' id='word_1_262' title='bbox 503 3658 677 3730; x_wconf 84' lang='lat' dir='ltr'>narrasset,</span> <span class='ocrx_word' id='word_1_263' title='bbox 698 3671 894 3732; x_wconf 81' lang='lat' dir='ltr'>quamquam</span> <span class='ocrx_word' id='word_1_264' title='bbox 911 3648 990 3711; x_wconf 82' lang='lat' dir='ltr'>haee</span> <span class='ocrx_word' id='word_1_265' title='bbox 1002 3648 1188 3712; x_wconf 83' lang='lat' dir='ltr'>coniectura</span> 
     </span>
    </p>

    <p class='ocr_par' dir='ltr' id='par_1_8' title="bbox 113 3756 1188 3841">
     <span class='ocr_line' id='line_1_34' title="bbox 113 3756 1188 3841; baseline -0.002 -22"><span class='ocrx_word' id='word_1_266' title='bbox 113 3756 203 3821; x_wconf 89' lang='lat' dir='ltr'>nullo</span> <span class='ocrx_word' id='word_1_267' title='bbox 234 3757 305 3821; x_wconf 88' lang='lat' dir='ltr'>looo</span> <span class='ocrx_word' id='word_1_268' title='bbox 330 3756 419 3841; x_wconf 90' lang='lat' dir='ltr'>apud</span> <span class='ocrx_word' id='word_1_269' title='bbox 443 3756 625 3822; x_wconf 88' lang='lat' dir='ltr'>Diodorum</span> <span class='ocrx_word' id='word_1_270' title='bbox 649 3778 722 3820; x_wconf 89' lang='lat' dir='ltr'>oum</span> <span class='ocrx_word' id='word_1_271' title='bbox 746 3756 858 3821; x_wconf 85' lang='lat' dir='ltr'>Curtio</span> <span class='ocrx_word' id='word_1_272' title='bbox 873 3768 1080 3836; x_wconf 22' lang='lat' dir='ltr'>&#39;congruente</span> <span class='ocrx_word' id='word_1_273' title='bbox 1104 3774 1188 3817; x_wconf 87' lang='lat' dir='ltr'>oom-</span> 
     </span>
    </p>

    <p class='ocr_par' dir='ltr' id='par_1_9' title="bbox 114 3861 1188 4037">
     <span class='ocr_line' id='line_1_35' title="bbox 114 3861 1188 3947; baseline -0.005 -19"><span class='ocrx_word' id='word_1_274' title='bbox 114 3864 247 3947; x_wconf 87' lang='lat' dir='ltr'>probari</span> <span class='ocrx_word' id='word_1_275' title='bbox 270 3871 387 3947; x_wconf 81' lang='lat' dir='ltr'>potest.</span> <span class='ocrx_word' id='word_1_276' title='bbox 434 3863 553 3929; x_wconf 77' lang='lat' dir='ltr'>Cetera</span> <span class='ocrx_word' id='word_1_277' title='bbox 578 3862 660 3947; x_wconf 75' lang='lat' dir='ltr'>quae</span> <span class='ocrx_word' id='word_1_278' title='bbox 685 3861 811 3927; x_wconf 88' lang='lat' dir='ltr'>Kaerst</span> <span class='ocrx_word' id='word_1_279' title='bbox 834 3863 865 3925; x_wconf 94' lang='lat' dir='ltr'>in</span> <span class='ocrx_word' id='word_1_280' title='bbox 890 3861 973 3925; x_wconf 86' lang='lat' dir='ltr'>hano</span> <span class='ocrx_word' id='word_1_281' title='bbox 995 3862 1188 3926; x_wconf 86' lang='lat' dir='ltr'>sententiam</span> 
     </span>
     <span class='ocr_line' id='line_1_36' title="bbox 993 3985 1026 4037; baseline 0 -22"><span class='ocrx_word' id='word_1_282' title='bbox 993 3985 1026 4037; x_wconf 67' lang='lat'>4*</span> 
     </span>
    </p>
   </div>
   <div class='ocr_carea' id='block_1_5' title="bbox 0 0 1337 4242">
    <p class='ocr_par' dir='ltr' id='par_1_10' title="bbox 0 0 1337 4242">
     <span class='ocr_line' id='line_1_37' title="bbox 0 0 1337 4242; baseline 0 0"><span class='ocrx_word' id='word_1_283' title='bbox 0 0 1337 4242; x_wconf 95' lang='lat' dir='ltr'> </span> 
     </span>
    </p>
   </div>
  </div>
 </body>
</html>
