2642 4242
578 230 802 293 ..24-

151 402 307 471 Clitarchi
330 404 512 487 fragmenta
531 428 594 471 non
611 413 737 473 exstent
753 406 840 472 nullo
866 406 973 491 modo,
999 405 1226 473 ut'Fraenkel

151 513 236 595 lecit,
260 513 340 578 baec
363 535 402 578 ex
425 513 590 580 Clitarcho
615 516 731 580 hausta
755 537 824 580 esse
848 515 1011 581 affirmare
1036 537 1226 601 possumus.

240 620 276 686 Si
299 643 374 686 vero
398 624 616 689 narrationem
648 623 689 689 da
722 624 887 688 obsidione
920 644 1017 709 porro
1041 624 1226 706 perlustras

152 729 329 793 Arrianum
346 751 366 793 a
381 731 486 813 capite
502 731 587 811 XX,
615 735 656 795 lo
673 730 745 795 libri
762 732 800 795 11
825 732 956 795 0111111110
973 730 1041 795 fere
1065 752 1085 795 a
1104 728 1226 796 Curtio

151 834 322 899 dissentire
344 836 494 909 invenies
542 836 633 921 Quae
657 838 817 903 Arrianus
851 837 912 903 bac
944 838 977 901 in
1001 845 1095 923 parte
1120 837 1227 901 refert

151 942 239 1006 baud
262 945 307 1007 ita
330 936 475 1009 similiter
491 945 585 1029 ‘apud
602 944 749 1010 Curtium
773 956 961 1017 narrantur,
994 943 1059 1010 Sed
1077 967 1150 1010 cum
1181 946 1225 1009 eis

152 1050 299 1115 omnibus
322 1051 400 1115 locis
424 1051 511 1135 apud
533 1050 710 1118 Arrianum
735 1075 806 1117 cum
828 1052 940 1118 Curtio
966 1054 1225 1134 congruentibus

150 1156 378 1223 Aristobulum
402 1158 524 1223 fontem
549 1181 618 1225 esse
641 1182 701 1243 pro
727 1168 815 1225 certo
841 1160 960 1224 habere
984 1160 1156 1243 possimus,
1192 1161 1225 1224 in

150 1266 255 1330 altera
277 1273 372 1351 parte
396 1268 589 1331 narrationis
606 1267 829 1334 Ptolemaeum
856 1268 978 1332 fontem
1002 1288 1071 1331 esse
1086 1268 1225 1331 Arriani

151 1372 378 1459 suspicandum
394 1380 452 1454 est,
478 1381 574 1459 atque
590 1374 624 1438 id
641 1397 678 1439 eo
696 1377 807 1459 magia,
824 1374 910 1460 quod
926 1376 960 1439 in
975 1376 1013 1439 iis
1031 1396 1114 1457 quae
1131 1375 1224 1461 apud

150 1480 327 1545 Arrianum
350 1487 536 1566 sequuntur,
566 1481 651 1546 idem
675 1489 818 1547 statuere
843 1481 1007 1561 debemus.
1056 1480 1222 1545 Arrianus

151 1589 234 1655 enim
258 1590 290 1652 in
314 1589 418 1653 altera
433 1596 525 1672 parte
542 1591 737 1656 narrationis
762 1612 782 1655 a
799 1588 913 1655 Curtio
939 1590 1095 1655 abhorret
1114 1611 1223 1671 neque

150 1717 225 1762 vero
249 1718 321 1760 cum
345 1696 492 1761 Diodoro
516 1697 568 1762 vel
588 1696 768 1761 Plutarcho
794 1698 950 1779 congruit.
998 1695 1065 1761 Sed
1089 1718 1164 1761 cum
1189 1698 1221 1760 in

150 1804 255 1889 prima
271 1810 364 1888 parte
388 1804 581 1868 narrationis
598 1810 732 1887 propter
748 1805 836 1868 locos
854 1825 926 1868 cum
943 1802 1056 1869 Curtio
1083 1826 1222 1886 congru·

151 1918 240 1975 entes
263 1910 490 1975 Aristobulum
513 1909 633 1974 fontem
659 1932 729 1975 esse
751 1911 886 1979 Arriani
910 1911 1122 1993 comprobare
1146 1932 1222 1994 pos-

150 2020 248 2082 simus
272 2024 370 2100 atque
387 2039 458 2082 cum
480 2018 584 2081 altera
606 2039 682 2099 pars
698 2018 893 2083 narrationis
910 2039 975 2081 nou
998 2016 1044 2095 uic
1061 2020 1220 2106 λεγόμενα

149 2127 255 2214 μόνον
279 2125 320 2189 ab
344 2125 487 2191 Arriano
507 2123 678 2189 inducatur
701 2125 794 2189 facile
818 2124 953 2207 intelligi
978 2132 1088 2209 potest
1103 2127 1220 2191 Arria-

149 2257 226 2298 num
250 2255 270 2297 a
293 2233 356 2297 fine
372 2233 485 2314 capitis
501 2233 585 2301 XX.
611 2232 653 2296 ad
679 2233 776 2297 alium
792 2233 916 2299 fontem
933 2234 1123 2319 primarium
1140 2234 1220 2300 Pto-

149 2342 317 2423 lemaeum,
343 2348 514 2425 spectasse..
562 2339 654 2424 Quae
679 2342 864 2405 coniectura
888 2330 1002 2425 postea
1028 2351 1220 2423 argumento

150 2451 239 2532 gravi
263 2447 534 2533 comprobabitur.
581 2449 633 2511 De
666 2448 728 2512 hac
758 2456 853 2532 parte
883 2449 1079 2513 narrationis
1113 2470 1222 2534 pauca

150 2557 247 2622 modo
271 2556 408 2621 dicenda
431 2563 515 2627 sunt.
562 2555 618 2620 Ad
641 2556 726 2620 idem
751 2557 873 2622 sactum
898 2563 1047 2639 spectant
1069 2555 1147 2621 Arr.
1171 2556 1219 2627 Il,

151 2670 203 2746 22,
223 2672 251 2748 7,
269 2664 360 2730 Ourt.
372 2664 432 2734 IV.
446 2667 585 2745 13-14,
603 2664 701 2734 Diod,
719 2665 836 2745 XVII,
854 2666 907 2745 43,
923 2667 1017 2726 3-5,
1057 2662 1220 2728 Arrianus

150 2781 258 2838 autem
282 2774 346 2841 alio
379 2772 468 2838 ferite
500 2794 576 2836 usus
610 2780 659 2837 est
691 2794 728 2837 ac
752 2770 884 2837 Curtius
918 2778 1017 2855 atque
1041 2771 1220 2841 Diodorus.

150 2878 251 2961 Apud
267 2881 355 2944 illum
370 2880 594 2945 Ptolemaeum
611 2887 776 2945 auctorem
790 2901 858 2944 esse
875 2901 932 2961 pro
951 2886 1038 2943 certo
1051 2878 1219 2962 habemus,

151 2986 237 3073 apud
261 2988 442 3053 Diodorum
468 2995 500 3053 et
523 2987 671 3053 Curtium
695 2987 766 3051 fons
791 2988 951 3052 nominari
975 3008 1039 3050 11011
1064 2994 1183 3074 potest,

241 3092 337 3176 Quod
369 3095 500 3160 tandem
532 3095 573 3159 ad
608 3095 728 3161 exitum
754 3096 1003 3177 oppugnationis
1037 3096 1153 3161 attinet
1187 3097 1220 3159 111

151 3201 263 3266 ultimo
287 3204 408 3285 impetu
432 3205 464 3265 in
481 3202 592 3267 urbem
616 3202 704 3267 facto
720 3202 897 3266 Arrianum
922 3202 983 3285 (11.
1009 3207 1060 3281 23,
1090 3207 1105 3264 1
1132 3202 1220 3287 sqq.)

152 3308 264 3373 ducem
289 3331 468 3392 sequemur,
496 3314 550 3393 qui
574 3311 654 3374 haec
670 3310 783 3381 refert:
809 3314 904 3375 tertio
927 3310 978 3375 die
995 3311 1161 3393 superiore
1185 3313 1219 3375 111

151 3416 1220 3503 Tyrumimpetrirepulso59)malaciaactranquillitateexspectata

221 3685 255 3755 59)
275 3688 332 3740 Hie
355 3706 411 3741 non
430 3689 628 3757 negligendum
652 3692 695 3740 est
719 3688 748 3740 id
773 3687 847 3753 quod
866 3686 1002 3738 Arrianus
1022 3684 1061 3739 II.
1085 3684 1157 3752 eal
1178 3687 1218 3737 ait

150 3794 246 3845 regem
273 3779 401 3843 νηνεμίαν
426 3782 609 3845 exspectasse,
655 3775 782 3829 Sintenis'
803 3774 842 3844 (in
869 3776 911 3827 ed.
936 3774 975 3827 Π.
999 3774 1113 3827 Arriani
1137 3775 1217 3829 anab.

150 3880 178 3933 p.
200 3865 258 3933 147,
278 3865 316 3934 11.)
338 3866 373 3918 ad
391 3867 465 3921 hunc
479 3868 571 3920 locum
585 3867 730 3919 annotavit
749 3865 815 3919 hoc:
836 3863 936 3932 „Denn
956 3881 987 3919 er
1004 3863 1136 3917 bedurfte
1154 3882 1217 3918 zum
