2642 4242
563 318 601 335 -·
653 290 695 351 34
744 309 787 335 -·

140 460 304 531 Clitarelm
338 466 483 550 hausisse
514 467 601 532 baud
636 470 682 532 ila
705 466 892 532 incredibile
921 479 969 533 ese
997 466 1053 531 sed
1079 465 1223 533 dernen-

115 568 237 637 'strari
261 597 324 638 nen
351 583 467 658 [ietesb

229 681 281 745 De
306 683 388 745 mule
412 682 559 746 iacienda
585 704 711 764 queque
737 681 868 747 Curtius
893 692 926 745 61
949 682 1114 747 Diodorus
1139 706 1223 747 cen-

140 789 268 869 gruunt.
325 789 385 853 Ille
426 791 509 853 euim
552 790 598 854 ait
629 790 750 872 Tyrum
791 772 930 853 ueterem
963 812 1113 871 magnam
1152 792 1221 853 vini

140 917 291 960 saxorum
322 897 518 978 praebuisse.
566 896 658 960 Idem
684 896 849 961 Diodorus
883 896 1071 982 161611(40,
1098 896 1131 983 5)
1160 898 1222 978 qni

141 1001 254 1067 urbem
280 1001 321 1066 ab
346 1003 535 1067 Alexandro
568 1004 650 1067 dirui
680 1004 767 1075 facil,
814 1002 995 1085 Utrumque
1027 1026 1063 1067 ex
1098 1004 1219 1067 eedern

140 1111 230 1173 fonte
262 1110 407 1174 hausisse
447 1112 525 1175 mihi
557 1111 725 1174 verisimile
769 1132 837 1175 esse
870 1111 1004 1183 videtur,
1062 1111 1220 1192 Dreysen

142 1217 174 1301 (l,
201 1239 226 1285 e,
251 1218 279 1288 Ι,
306 1219 350 1282 12.
377 1222 441 1280 284
465 1218 498 1301 11)
524 1217 563 1281 de
588 1218 648 1282 hae
672 1240 707 1281 re
731 1219 794 1288 ab:
820 1218 971 1301 „Curtius
996 1216 1061 1281 und
1084 1216 1220 1279 Dieder

140 1323 247 1388 haben
258 1324 346 1389 wehl
361 1325 450 1389 nieht
461 1326 614 1405 Unreehb,
632 1348 722 1389 wenn
734 1327 778 1388 sie
789 1324 938 1408 Allbyrus
949 1346 1010 1388 ven
1022 1324 1219 1389 Alexander

140 1438 278 1495 zerstbrl
300 1432 435 1497 uuerden
469 1434 607 1505 11116611,ίέ
655 1433 811 1497 Attamen
838 1431 967 1497 Curtius
993 1432 1121 1496 omnino
1148 1454 1217 1495 nen

141 1539 286 1603 narravit
302 1532 527 1605 Alexandrum
544 1540 665 1623 'Pyrum
683 1548 822 1604 veterem
840 1540 984 1620 diruisse,
1010 1546 1046 1603 ul
1062 1540 1217 1621 Druysen

141 1652 244 1727 putat.
285 1646 416 1712 Curtius
441 1650 524 1711 enim
551 1647 594 1732 (2,
622 1648 676 1733 18)
702 1648 781 1711 haee
804 1646 900 1711 mede
918 1647 1046 1717 retulit:
1072 1668 1217 1729 „magna

142 1752 188 1816 ris
221 1775 372 1818 saxorum
408 1756 449 1819 ad
483 1778 612 1819 manum
647 1761 717 1819 erat
745 1754 834 1837 'Pyre
865 1762 971 1818 vetere
1003 1754 1216 1837 praebentes·

141 1860 328 1945 Meversssss)
354 1870 462 1926 autem
487 1864 681 1926 sententiam
706 1862 804 1925 habet
828 1861 1024 1944 Palaetyron
1054 1862 1107 1925 illu
1132 1868 1217 1925 tem·

142 1989 221 2049 pore
253 1970 318 2033 iam
352 1969 492 2033 dirutam
525 1970 639 2053 fnisse,
672 1968 818 2033 Curtium
852 1992 920 2033 rem
951 1990 1061 2034 veram
1095 1972 1218 2032 meme·

143 2096 240 2145 rasse,
289 2076 354 2141 Sed
370 2077 462 2141 'haee
495 2078 680 2141 eenieebnra
703 2077 859 2141 Movertis
884 2078 1011 2140 omnine
1036 2097 1101 2140 nou
1123 2084 1220 2139 recta

145 2190 202 2247 est.
250 2182 338 2256 Nam
372 2206 443 2247 eum
476 2184 631 2266 templum
664 2191 740 2248 tune
773 2164 939 2267 Palaebyri
973 2189 1066 2263 esset,
1101 2181 1218 2245 urbem

143 2291 198 2354 ille
223 2297 368 2374 tempore
384 2292 526 2355 nendum
544 2292 686 2357 dirutam
705 2292 801 2356 luisse
818 2314 947 2356 neeesse
964 2298 1020 2355 est.
1047 2286 1152 2370 Quam
1171 2289 1214 2353 eb

97 2473 101 2477 ¹
144 2420 212 2461 rem
243 2399 335 2466 nobis
369 2420 429 2482 pro
471 2408 558 2463 certe
591 2400 778 2464 habendum
811 2407 859 2463 est
890 2406 1016 2481 partem
1035 2396 1215 2478 *quandam

145 2505 310 2589 Palaetyri
334 2507 366 2570 in
389 2507 490 2571 ruinis
515 2508 612 2572 fnisse
637 2515 670 2571 et
692 2507 917 2571 Alexandrum
942 2505 1097 2587 aedificia,
1130 2527 1214 2586 quae

145 2621 346 2695 supereraut,
372 2614 517 2697 diruisse,
544 2622 580 2679 ut
603 2614 815 2700 Thirlwulllss)
840 2622 927 2679 reete
951 2614 1037 2683 (111111,

228 2720 289 2785 Ad
315 2723 450 2786 eundem
484 2722 606 2786 lentem
639 2728 787 2803 spectant
820 2722 910 2792 eure.
935 2720 996 2793 IV.
1026 2726 1055 2802 2,
1084 2720 1214 2786 ruz-20

145 2834 177 2891 61
201 2828 378 2911 Diod-41,
418 2833 446 2911 1,
480 2829 658 2910 eodemque
691 2828 787 2916 nrude
820 2828 910 2899 01111,
934 2828 995 2903 IV.
1026 2834 1055 2910 2,
1081 2832 1213 2892 21--2‘2

146 2943 178 2999 61
201 2937 300 3008 Diod,
325 2942 378 3019 42,
416 2940 432 3002 1
457 2938 538 3023 μετὰ
563 2941 597 3003 dl
624 2944 728 3004 ταῦτα
752 2993 759 3006 .
785 2994 790 3005 .
817 2985 839 3017 .,
874 2935 931 2999 sed
955 2934 1084 3000 Curtius
1108 2957 1216 3019 pauca

146 3042 304 3124 quaedam
337 3046 405 3127 ipse
438 3044 563 3110 adiecit.
610 3045 664 3107 Ae
697 3044 833 3126 primurn
869 3042 997 3125 quidem
1024 3050 1158 3125 uterque
1181 3044 1215 3107 in

145 3172 184 3214 ea
206 3172 241 3213 16
266 3152 412 3233 congruit
437 3152 524 3232 qued
549 3151 625 3233 Tyri
649 3152 843 3215 incremento
861 3151 952 3214 melis
972 3152 1077 3215 territi
1092 3151 1215 3215 levibus

145 3258 278 3339 navigiis
310 3258 342 3320 111
377 3281 526 3340 aggerem
558 3258 766 3340 vehebantur,
801 3258 917 3322 mullos
943 3258 1132 3323 sauciabant
1155 3281 1216 3324 nee

145 3366 312 3448 pauciores
346 3366 590 3435 interficiebant,
648 3365 753 3447 Quam
786 3388 853 3429 rem
886 3366 1051 3431 Diodorus
1084 3365 1215 3431 uberius

144 3480 277 3558 narrat3
309 3473 454 3538 remedia
487 3483 595 3538 autem
628 3474 669 3539 ab
702 3472 890 3538 Alexandro
920 3482 1036 3539 centra
1054 3483 1172 3558 parata
1195 3496 1231 3539 a

217 3743 252 3809 68)
272 3742 421 3799 Mevers:
442 3744 496 3798 Die
516 3745 664 3798 Phenizier
683 3745 723 3801 ΙΙ.
743 3746 813 3813 1.]1.
833 3746 892 3799 2025.

218 3832 253 3901 69)
274 3830 474 3888 Thirlwall:
498 3833 573 3888 Hier.
595 3835 625 3887 ef
635 3836 685 3889 Gr.
704 3834 747 3889 VI
766 3854 793 3903 p.
810 3835 870 3890 197:
891 3844 919 3888 te
939 3834 1055 3903 previde
1072 3836 1215 3890 materiale

147 3919 191 3973 fer
213 3921 261 3973 lhe
281 3922 367 3989 work,
387 3922 422 3976 he
437 3923 610 3977 demolislred
628 3925 676 3978 the
693 3926 850 3993 remaining
863 3922 1004 3995 buildibgs
1024 3925 1054 3978 ef
1064 3925 1119 3980 Old
1131 3924 1215 3997 'Pyre
