2642 4242
539 271 671 375 -nl
718 346 763 359 ..-

106 490 281 577 mentae)
307 511 389 573 quae
411 490 457 553 illi
481 490 683 554 coniecturae
708 512 727 553 a
751 489 842 554 nobis
865 489 970 554 factae
986 494 1175 573 repugnent,

107 596 237 680 Quibus
256 618 295 661 ex
305 598 409 663 causis
424 599 568 679 cogimur
578 589 735 679 suspicari
747 596 790 679 id,
808 596 968 677 quodiam
979 596 1177 684 Droysenffi)

104 704 188 768 fecit
219 711 317 786 atque
350 705 546 785 argumentis
579 704 718 787 probare
753 711 886 769 conatus
915 711 973 783 est,
1000 705 1178 769 orationem

105 812 145 874 in
168 811 301 874 anabasi
326 811 367 889 V,
393 815 433 873 25
459 833 530 893 sqq,
555 812 596 876 ab
614 812 757 875 Arriano
781 812 851 895 ipso
877 813 1087 893 compositam
1109 833 1178 875 esse

106 917 289 1001 eodemque
313 917 410 982 modo
434 941 474 981 ea
503 940 641 1001 quoque,
676 932 760 1001 'qnae
784 920 824 988 V.
850 924 901 1001 26,
929 917 1011 991 5de
1036 918 1178 983 Hercule

106 1025 271 1096 dicuntur,
311 1024 405 1089 Unde
430 1026 650 1089 coniciendum
668 1025 759 1108 foret,
786 1026 1029 1109 explicationem
1047 1047 1191 1109 quoque-

105 1132 152 1195 (le
175 1132 317 1195 Hercule
341 1131 439 1213 Tyrio
473 1133 534 1216 (H,
563 1137 612 1212 16,
640 1132 740 1219 1-6)
766 1134 807 1197 ali
833 1132 975 1197 Arriano
999 1134 1068 1215 ipso
1094 1154 1178 1199 coin·

105 1241 249 1323 positam
274 1260 353 1319 esse,
379 1242 567 1322 praesertim
592 1264 664 1305 cnm
691 1240 775 1305 verbi
800 1240 863 1327 ἐγώ
886 1238 944 1325 (Π,
965 1242 1014 1320 16,
1032 1238 1066 1325 4)
1081 1239 1199 1303 ratio?

105 1368 184 1411 nem
207 1354 246 1411 ut
268 1345 360 1410 decet
384 1346 570 1419 habeamus,
618 1346 712 1430 Quae
736 1348 920 1413 coniectura
947 1346 1177 1431 comprobatur

103 1456 183 1519 loco
199 1454 349 1537 'quodam
373 1454 460 1535 apud
486 1454 661 1521 Arriannm
687 1457 746 1526 IV,
773 1462 824 1538 28,
854 1462 868 1519 1
894 1464 946 1519 t.
993 1455 1113 1537 Agitur
1137 1455 1177 1519 de

104 1561 226 1626 Aorno
249 1569 353 1644 petra,
399 1561 475 1649 Hoc
497 1562 568 1627 loco
592 1563 816 1627 Ptolemaeum
844 1560 966 1627 iontem
991 1584 1060 1627 esse
1084 1562 1176 1627 nohis

103 1690 170 1752 pro
181 1675 269 1733 certo
286 1667 469 1751 habendum
481 1679 538 1751 est,
557 1670 644 1753 quod
660 1670 713 1733 ille
730 1669 915 1752 saepissime
932 1668 1177 1753 norriinatur.4⁷)

104 1776 163 1840 Ex
194 1777 258 1840 alio
283 1776 423 1859 quodam
447 1776 536 1842 fonte
568 1776 677 1841 hausit
699 1776 858 1842 Arrianus
882 1777 975 1847 haee:
1005 1782 1058 1844 aut
1082 1777 1177 1863 λόγος·

103 1884 195 1968 ὑπὲρ
219 1881 318 1971 αὐτῆς
341 1890 469 1969 κατέχει
485 1940 493 1955 .
511 1942 517 1953 .
536 1940 543 1954 .
562 1884 679 1966 quihus
700 1884 805 1948 verbis
822 1905 912 1947 suem
929 1884 1175 1967 explicationem

103 1991 143 2053 in
167 1991 186 2070 ,8
210 1995 229 2053 2
254 1990 381 2062 adiecit,
424 1990 458 2055 Si
482 1992 562 2055 haec
586 1992 694 2055 omnia
719 1990 964 2055 considerentur
987 1990 1175 2074 gravissima

104 2105 303 2179 argumenta
336 2098 426 2162 nobis
463 2099 610 2163 attulisse
644 2099 802 2180 uidemur,
845 2100 959 2181 quibus
992 2099 1177 2162 coniectura

102 2211 223 2269 nostra
254 2206 491 2290 comprobetur,
537 2208 652 2272 Finem
686 2209 799 2290 capitis
824 2207 914 2274 XVI
942 2206 1120 2271 Arriauum
1145 2210 1177 2269 et

106 2336 151 2377 ex
174 2311 365 2378 Aristobulo
390 2321 422 2382 et
446 2337 485 2379 ex
503 2314 693 2381 Ptolemaeo
717 2315 862 2380 hausisse
887 2315 1012 2397 opinor,
1038 2313 1091 2395 qui
1114 2312 1176 2376 hoc

103 2421 182 2486 loco
206 2421 435 2503 congruebant.
477 2422 572 2500 Quod
596 2426 714 2489 attinet
738 2421 780 2487 ad
799 2422 979 2488 orationem
997 2418 1177 2484 Alexandri

103 2527 197 2611 apud
209 2527 286 2600 Arr,
302 2529 350 2598 ΙΙ,
364 2533 404 2595 17
421 2530 626 2616 Fraenhel48)
643 2554 714 2595 eam
725 2530 812 2595 haud
824 2529 920 2594 dubie
931 2551 969 2594 ex
981 2526 1176 2593 Aristobulo

104 2636 303 2717 exscriptam
336 2658 404 2701 esse
438 2646 555 2710 censet.
602 2638 667 2722 Qui
698 2662 769 2703 cum
803 2640 959 2721 opinionis
989 2658 1065 2701 errae
1088 2634 1177 2699 nulla

104 2750 301 2825 argumenta.
324 2745 481 2828 attulerit,
507 2748 692 2812 coniectura
721 2748 787 2811 eius
812 2746 928 2810 nullius
952 2744 1104 2809 momenti
1129 2750 1177 2807 est

104 2856 209 2932 atque
239 2850 272 2914 id
306 2873 351 2915 eo·
375 2854 496 2934 inagis,
530 2854 616 2935 quod
647 2854 737 2919 nulla
770 2856 894 2919 ratione
926 2847 1037 2935 negari
1070 2856 1177 2933 potest

104 2957 288 3022 Arrianum
311 2958 395 3023 hanc
419 2961 596 3025 orationem
621 2964 725 3045 ipsum
750 2943 975 3045 composuisse.

191 3082 413 3148 'Transeamus
447 3094 555 3150 antem
588 3086 630 3150 ad
664 3087 900 3171 expeditionem
933 3082 1114 3150 Alexandri
1144 3083 1176 3146 in

105 3190 284 3273 Arabiam,
334 3194 422 3257 cuius
469 3193 663 3258 Plutarchus
675 3196 718 3282 49)
766 3215 894 3277 quoque
933 3191 1117 3276 Polyaenus
1130 3190 1173 3277 50)

112 3551 116 3559 ,
161 3494 214 3563 ’44)
234 3497 266 3549 cl.
286 3496 458 3565 Droysen:
478 3497 579 3553 Geschi
598 3499 624 3552 d.
644 3498 756 3559 Hellen,
776 3498 791 3553 l
810 3495 839 3551 24
857 3516 884 3568 p.
903 3496 955 3549 409
975 3514 1034 3567 sqq.

180 3584 214 3655 4⁶)
233 3587 269 3640 iu.
289 3585 397 3653 1221).
416 3586 478 3641 412,
1104 3579 1106 3582 ’

180 3673 215 3742 47)
235 3676 268 3729 cl.
287 3674 471 3731 Fraenkel:
492 3677 510 3731 l.
530 3694 553 3730 c.
572 3696 599 3745 p.
618 3678 679 3731 281.

181 3763 215 3833 48)
234 3764 422 3819 Fraenkel:
442 3767 461 3819 l.
481 3783 503 3819 c.
522 3785 550 3834 p.
569 3766 621 3820 295
642 3784 700 3834 sqq.

170 3848 217 3917 ’44)
234 3852 410 3920 Plutarchus,
431 3856 514 3909 Alex.
534 3873 557 3909 c.
577 3858 619 3911 24.

181 3943 216 4018 50)
234 3944 390 4015 Polyaenus
410 3944 461 4006 IV.
481 3945 506 4023 3,
527 3947 552 4009 3,
