2642 4242
566 249 788 308 ...52-

136 420 284 506 protulit‚
318 420 380 486 hoc
410 422 481 486 loeo
513 424 648 488 tractari
679 445 743 488 non
767 431 883 508 potest,
931 423 995 489 Sed
1021 424 1215 508 quaestione

77 538 78 541 ’
137 539 252 601 nostra
281 531 338 594 illa
371 531 517 596 Kaerstii
549 532 657 614 opinio
692 532 918 616 comprobatur
953 533 1099 600 Curtium
1132 534 1215 596 seri-

137 646 264 723 ptorem
281 660 416 723 prorsus
431 639 629 706 rhetoricum
645 639 745 704 inisse
760 641 803 717 id,
827 641 913 724 quod
929 663 1031 723 nuper
1046 640 1213 704 Fraenkei

137 747 171 827 (l.
197 769 224 818 e,
248 769 280 830 p,
306 752 346 812 21
372 747 459 830 sqq.)
483 749 680 830 argumentis
704 749 851 816 inanibus
869 749 1005 830 negavit.
1045 748 1104 814 Ait
1122 749 1213 813 enim

137 855 182 938 (p.
209 853 264 938 22)
287 856 335 918 uir
364 855 418 919 ille
443 855 646 920 doctissimus
676 855 716 920 de
740 853 853 919 Curtio
878 857 971 920 haee:
1011 858 1097 920 seiae
1121 856 1215 920 Dar—

136 963 277 1044 stellung
306 963 350 1027 ist
386 962 585 1042 rhetoriseb,
624 984 716 1026 wenn
747 963 832 1027 seine
865 959 978 1044 Quelie
1012 966 1102 1028 einen
1135 964 1215 1029 rhe—

136 1071 299 1135 torisehen
324 1069 443 1149 Amor,
479 1070 541 1134 den
566 1069 719 1153 Clitaroh,
745 1069 957 1154 uquoduzirt,
982 1071 1139 1136 m'iohtern
1165 1072 1211 1136 ist

135 1179 192 1260 sie,
225 1199 316 1241 wenn
349 1177 401 1242 die
425 1175 539 1259 Quelle
572 1178 664 1243 einen
697 1179 894 1244 niicbternen
925 1177 1052 1244 Auctor
1080 1215 1118 1228 -
1143 1179 1210 1242 den

135 1285 309 1352 Aristobul
340 1323 386 1339 —v
418 1285 611 1350 uerarbeitet
643 1287 733 1356 bat.“
788 1287 841 1350 Ex
870 1285 930 1364 his,
964 1307 1046 1368 quae
1070 1285 1111 1350 ad
1137 1307 1213 1350 sen-

136 1397 272 1460 tentiam
302 1400 447 1458 nostram
472 1391 621 1458 Curtium
653 1396 757 1476 ipsum
789 1397 978 1478 scriptorem
1002 1379 1208 1458 ⁵rhetoricum

135 1503 234 1566 fuisse
258 1500 461 1584 probandam
485 1501 660 1582 attulimus
686 1501 770 1566 hanc
794 1505 976 1586 opinionem
1000 1502 1208 1568 satis-redar-

135 1613 242 1693 guisse
274 1609 352 1673 mibi
383 1607 503 1679 videor,
549 1608 667 1692 Neque
700 1611 783 1681 enim
807 1610 969 1674 Fraenkel
1001 1611 1206 1690 sententiam,

135 1739 227 1782 suam
238 1717 435 1799 argumentis
449 1717 545 1781 certis
556 1716 713 1799 probavit,
731 1739 835 1799 neque
851 1724 974 1781 reatum
984 1724 1034 1780 est
1045 1715 1206 1798 Curtium,

136 1825 224 1908 quod
248 1826 364 1890 attinet
389 1824 432 1888 ad
455 1823 543 1888 iocos
561 1823 720 1888 rhetorice
737 1824 873 1906 scriptos
884 1823 1083 1889 Clitarchum
1100 1823 1206 1887 solum

114 1940 283 1998 ¹secutum
308 1953 386 1996 esse.
426 1931 514 1996 Nam
538 1930 649 1995 Orohn
674 1938 706 1996 et
728 1930 979 2017 Petersdorffsse)
1005 1931 1208 1996 demonstra-

134 2048 250 2105 verunt
273 2040 423 2105 Curtium
456 2040 553 2104 etiam
576 2038 733 2122 Pompeio
759 2038 877 2122 Trogo,
902 2038 988 2104 haud
1014 2037 1109 2103 dubie
1132 2037 1210 2102 rhe-

132 2149 236 2212 torico
261 2148 426 2229 scriptore,
451 2168 545 2210 usum
569 2151 649 2217 ess'e,
688 2143 817 2210 Curtius
842 2149 938 2229 igitur
961 2146 1099 2212 fortasse
1114 2148 1208 2213 locos

135 2253 294 2336 quosdam
326 2255 488 2318 rhetorice
522 2254 658 2335 scriptos
693 2275 732 2317 ex
764 2253 917 2336 Pompeio
943 2253 1051 2336 Trogo
1083 2255 1204 2324 hausit.

135 2361 219 2424 Tum
252 2370 361 2424 autem
392 2361 449 2424 illa
482 2358 667 2424 Fraenkelii
706 2362 865 2426 sententia
895 2362 969 2426 inde
1001 2362 1205 2442 potissimum

131 2467 347 2551 improbanda
383 2480 432 2534 est
465 2465 553 2549 quod
585 2466 692 2530 adhue
726 2467 765 2532 de
797 2467 879 2532 libro
909 2468 1069 2534 Olitarehi
1097 2489 1206 2553 pauca

131 2574 228 2640 modo
253 2574 423 2657 explorata
447 2580 534 2654 sunt,
559 2576 748 2657 praesertim
774 2595 845 2638 eum
868 2597 974 2659 pauca
997 2575 1094 2640 modo
1118 2576 1209 2658 frag-

133 2689 243 2747 menta
268 2682 335 2746 eius
359 2681 402 2744 ad
426 2703 485 2746 nos
509 2681 723 2764 pervenerint.
1064 2680 1066 2685 ’

221 2791 316 2855 Haeo
348 2810 473 2853 summa
509 2795 558 2853 est
592 2789 789 2870 quaestionis
822 2797 954 2854 nostrae
987 2790 1026 2854 de
1059 2790 1208 2856 fontibus

131 2897 236 2963 Curtii
252 2898 285 2960 in
303 2896 381 2980 Tyri
397 2895 564 2961 obsidione
580 2895 776 2965 enarranda:
802 2895 932 2961 Curtius
950 2905 1207 2984 eertequattuor

132 3003 277 3069 fontibus
309 3003 421 3085 utitur,
457 3024 537 3085 quos
570 3003 705 3067 arbitrio
731 3003 816 3066 inter
840 3025 873 3068 se
895 3005 942 3068 ita
967 3006 1141 3085 coniunxit,
1168 3013 1206 3069 ut

131 3115 164 3176 in
188 3112 330 3177 fontibus
364 3112 431 3176 eius
466 3109 659 3194 quaerendis
693 3132 844 3192 cogamur
876 3113 1015 3176 minores
1044 3113 1203 3195 quasdam

130 3228 241 3303 partes
284 3220 415 3284 alterius
457 3219 554 3283 fontis
599 3241 637 3282 ex
660 3217 845 3302 ,maioribus
883 3219 1030 3303 partibus
1069 3221 1203 3285 alterins

129 3318 287 3391 excidere.
327 3326 456 3390 Primus
481 3324 609 3406 quidem
625 3324 741 3389 horum
758 3333 912 3406 quattuor
929 3327 1065 3392 fontium
1086 3328 1203 3390 mirum

129 3434 161 3496 in
195 3433 326 3497 modum
360 3455 429 3497 eum
455 3430 647 3497 Aristobulo
680 3435 839 3515 congruit,
872 3442 907 3498 nt
937 3435 970 3498 in
995 3433 1013 3520 ξ
1039 3439 1057 3497 2
1093 3415 1203 3518 disqiu-

129 3542 262 3606 tationis
286 3550 418 3604 nostrae
443 3547 554 3606 contra
569 3539 837 3604 Petersdorffium
854 3539 1075 3605 demonstrare
1092 3541 1202 3606 eonati

130 3705 343 3712 ..η’-*-

201 3775 235 3841 9⁴)
255 3774 313 3840 mis,
333 3792 404 3841 alnae
424 3775 453 3826 in
473 3773 620 3826 tractando
633 3771 744 3824 Iustino
764 3777 862 3826 0011111
876 3769 1028 3827 Crohnium
1048 3778 1076 3826 et
1088 3771 1202 3828 Peters-

127 3864 261 3917 dorffinm
281 3865 471 3932 opposuimus,
493 3863 661 3916 senteutiam
681 3851 777 3915 eorum
797 3864 920 3916 nondum
939 3864 1132 3917 refutavimus.
