2642 4242
578 259 801 321 ..44-

161 458 200 501 ex
230 439 334 502 causis
364 435 522 501 Koehleri
565 437 759 501 sententiam
797 435 1002 521 probabimus
1044 434 1230 501 Diodorum

160 545 222 611 hoo
251 547 322 611 loco
354 568 419 612 non
452 564 576 611 errasse
607 544 665 609 sed
688 546 904 610 narrationem
934 545 973 609 de
998 544 1232 627 Abdalonymo

161 654 277 717 exalia
295 652 434 735 quodam
450 652 538 716 fonte
555 652 700 717 hausisse
717 673 754 716 ae
771 650 918 719 Curtium
936 658 1035 735 atque
1051 652 1235 727 Instinu1n3

161 782 226 843 qua
248 782 284 825 re
308 761 413 844 opinio
439 766 549 823 nostra
564 757 747 823 Diodorum
768 760 859 829 initio
876 760 992 843 eapitis
1009 764 1052 824 45
1071 759 1114 825 ad
1132 760 1234 823 alium

159 868 280 932 fontem
313 868 477 933 transiisse
509 868 603 930 etiam
628 868 732 951 magis
757 866 913 938 firmatur,
960 866 1083 931 Fontes
1108 874 1233 946 autem,

160 976 275 1059 quibus
299 975 463 1039 Diodorus
494 973 556 1038 hae
578 975 612 1037 in
634 981 729 1057 parte
752 972 967 1039 bibliothecae
990 968 1103 1057 utitur,
1130 978 1232 1042 nomi·

159 1084 229 1146 nari
252 1103 317 1148 non
341 1083 485 1166 possunt,
510 1103 582 1146 eum
599 1081 639 1145 de
665 1080 830 1146 obsidione
847 1080 924 1165 Tyri
940 1081 1029 1146 nulla
1045 1082 1233 1165 fragmenta

160 1192 351 1273 scriptorum
387 1190 611 1272 primariorum
654 1194 843 1254 conservata
876 1188 1000 1273 sintssl)
1063 1188 1130 1255 Sed
1171 1190 1234 1257 hoe

160 1298 238 1361 satis
269 1317 387 1378 magna
418 1317 490 1358 oum
521 1296 750 1379 probabilitate
782 1296 845 1361 diei
878 1303 984 1379 potest
1008 1297 1139 1379 fontem,
1167 1321 1232 1381 spiro

159 1403 323 1468 Diodorus
355 1405 388 1466 in
419 1425 513 1487 oepp.
538 1408 671 1469 40—44
696 1425 770 1467 usus
804 1406 855 1485 sit,
888 1405 1009 1469 fontem
1049 1403 1232 1471 derivatum

158 1510 257 1575 fuisse
289 1518 385 1592 atque
418 1510 459 1575 ab
493 1518 623 1577 auctore
657 1511 797 1593 quodam
826 1512 974 1577 fabuloso
1001 1514 1229 1595 compositum,
1297 1534 1298 1543 ¹

158 1618 210 1681 De
234 1618 336 1683 altero
360 1618 449 1683 fonte
465 1618 603 1684 Diodori
627 1618 674 1704 (in
696 1641 788 1702 capp,
805 1624 847 1683 45
857 1620 949 1705 -47)
969 1627 1001 1684 et
1019 1619 1104 1685 huno
1120 1622 1229 1705 ipsum

158 1724 280 1788 fontem
319 1724 496 1791 derivatum
536 1727 635 1791 fuisse
674 1734 860 1797 statuemus,
907 1727 949 1792 Id
990 1728 1077 1809 quod
1116 1750 1157 1793 ex
1193 1752 1231 1793 ea

158 1832 358 1915 potissimum
382 1857 416 1899 re
441 1856 623 1916 cognosces,
648 1835 735 1918 quod
757 1834 922 1899 Diodorus
946 1837 1166 1901 narrationem
1190 1837 1230 1900 de

158 1939 386 2023 Abdalonymo
411 1964 486 2023 rege
502 1942 580 2026 Tyri
603 1943 689 2008 laeto
713 1944 748 2006 in
770 1943 857 2007 illam
874 1944 977 2027 ipsam
999 1944 1110 2009 urbem
1127 1954 1228 2029 atque

159 2047 286 2111 demum
312 2047 390 2112 urbe
413 2056 508 2132 capta
531 2052 698 2115 transtulit
725 2050 768 2132 id,
795 2051 881 2133 quod
905 2051 1049 2115 insonte
1072 2052 1229 2137 primario

157 2155 202 2219 ita
225 2178 290 2220 non
313 2155 410 2222 fuisse
434 2165 552 2240 potest.

277 2338 363 2434 §ct
420 2341 470 2422 [le
497 2321 614 2422 tertio
643 2311 800 2440 quodam
831 2338 947 2422 curtii
978 2340 1098 2425 toute.

244 2482 424 2563 Postquam
447 2485 480 2547 iu
503 2485 721 2568 superioribus
751 2484 876 2549 duobus
905 2488 1063 2569 capitibus
1088 2488 1225 2555 demon-

156 2597 259 2655 strare
283 2592 392 2655 sonasti
416 2613 534 2672 suiuus,
560 2591 708 2657 Curtium
731 2596 764 2657 in
789 2597 975 2658 narratione
999 2596 1038 2659 de
1063 2595 1141 2679 Tyri
1167 2599 1228 2663 ob-

156 2699 278 2762 sidione
303 2706 334 2762 et
357 2698 581 2764 Aristobulum
610 2708 643 2765 et
666 2702 804 2765 Diodori
828 2702 950 2767 fontem
984 2708 1110 2791 saepius
1134 2731 1227 2774 seeu-

155 2813 223 2870 tum
248 2828 316 2870 esse
341 2813 373 2870 et
396 2815 568 2888 utrumque
591 2807 712 2872 fontem
741 2811 824 2873 inter
853 2832 886 2874 se
915 2813 1127 2896 coniunxisse,
1160 2816 1226 2881 hae

154 2915 185 2978 in
210 2921 304 2996 parte
328 2916 525 2996 quaestionis
549 2922 681 2979 nostrae
706 2937 814 2980 omnes
839 2939 892 2981 eos
917 2918 1005 2983 locos
1024 2920 1126 2986 Curtii
1151 2946 1227 3007 per-

154 3021 371 3101 lustrabimus,
406 3043 486 3104 quos
518 3041 576 3085 nee
607 3044 679 3086 eum
710 3023 858 3089 Diodoro
893 3048 950 3090 nee
984 3041 1060 3093 euni
1079 3028 1224 3097 Arriano

225 3288 257 3356 ⁸⁹)
278 3289 363 3341 Ratio
383 3291 463 3342 nobis
482 3291 611 3343 habenda
631 3292 668 3344 sit
686 3294 772 3346 trium
796 3296 878 3347 modo
898 3297 1127 3365 fragmentorum,
1148 3318 1223 3367 qliae
1295 3276 1296 3289 ἶ

154 3380 229 3447 apud
248 3378 419 3432 Muellerum
445 3378 485 3445 [in
509 3380 550 3431 ed.
578 3381 689 3433 Arriani
710 3381 855 3436 Duebneri
876 3385 998 3455 (DldOlll
1025 3388 1222 3444 inveniuntur:

154 3488 186 3521 ao
205 3471 327 3537 primum
345 3469 457 3536 quidem
471 3468 627 3521 Aristobuli
647 3470 746 3538 fragm.
766 3472 797 3522 71)
821 3476 860 3542 (p.
878 3474 932 3541 98),
954 3478 1073 3529 alterum
1092 3476 1222 3532 Obaretia

154 3560 251 3628 fragm.
266 3563 282 3612 2
297 3558 334 3627 (p.
350 3559 420 3625 115),
434 3557 550 3609 tertium
563 3556 867 3617 Pseudo-Callisthenis
881 3582 902 3616 o.
917 3564 1030 3618 XXXV
1044 3568 1082 3633 (p.
1102 3566 1136 3619 39
1146 3545 1223 3637 sqq.)

154 3648 280 3715 Quorum
293 3650 515 3715 fraumentorum
527 3646 657 3716 primurn⁷
681 3637 837 3705 Aristobuli
859 3654 956 3723 fragm.
971 3655 1001 3706 lb
1017 3656 1052 3707 ad
1066 3658 1221 3713 Arrianum

154 3737 194 3788 Π.
216 3739 293 3803 18,3
329 3741 455 3806 spectaro
482 3738 594 3805 dieitur,
623 3740 697 3805 (laod
716 3741 784 3792 mihi
809 3760 865 3795 non
889 3746 956 3797 satis
985 3746 1130 3812 probabile
1162 3766 1221 3803 esso

155 3825 275 3877 ridetur.
313 3826 443 3879 Alterum
462 3831 537 3897 apud
556 3824 738 3883 Plutarchum
758 3830 840 3885 Alex,
861 3836 895 3885 al
914 3834 1065 3887 invenitur.
1098 3832 1222 3891 Pseudo-

156 3911 332 3966 (lallisthenis
351 3932 373 3966 o.
392 3915 505 3970 XXXV
524 3919 627 3970 nullius
646 3921 780 3971 momenti
800 3928 842 3975 est
861 3922 890 3973 in
909 3923 961 3975 hae
980 3925 1153 3991 quaestione.
