2642 4242
517 333 739 395 ...47-

91 504 295 571 obsidioncm
319 506 397 592 Tyri
420 511 518 591 legati
542 510 857 590 Carthaginiensium
881 530 968 573 niore
993 508 1098 592 [iatrio
1123 508 1165 575 ad

91 614 322 677 celebrandurn
354 617 605 679 anniversarium
631 615 752 698 Tyrum
776 623 944 697 reiterant,
971 618 1025 699 qui
1049 616 1163 700 Tyrios

90 723 313 803 hortarentur,
339 730 375 786 nt
399 724 598 787 obsidionem
622 723 705 787 forti
721 724 827 787 animo
844 730 1051 806 paterentur:
1077 724 1164 789 brevi

92 831 179 893 enim
211 829 409 913 Carthagine
441 833 560 895 auxilia
591 840 735 900 ventura,
792 820 952 912 Coniuges
983 832 1165 915 liberosque

90 936 326 1018 Carthaginem
351 938 499 1005 devectos
525 961 594 1003 osse
618 938 750 1001 Curtius
774 938 835 1001 hoc
859 938 930 1001 loco
955 961 1018 1002 non
1044 935 1162 1019 narrat,

91 1044 151 1108 sed
175 1046 238 1108 alio
262 1037 402 1130 100013,
421 1047 475 1132 20)
501 1046 587 1109 dicit.
629 1044 788 1108 Attamen
811 1044 958 1107 mulieres
983 1046 1164 1131 liberosque

90 1152 171 1234 Tyri
199 1159 256 1216 aut
288 1175 396 1217 omnes
430 1160 487 1217 aut
510 1155 681 1237 plerosque
705 1153 896 1223 remansisse
920 1152 995 1215 inde
1019 1154 1165 1217 conicere

73 1262 247 1340 cogimur,
275 1260 362 1341 quod
386 1259 516 1324 Curtius
541 1260 599 1329 IV,
624 1264 717 1341 4,14
741 1257 800 1322 ait:
827 1260 939 1340 „pueri
963 1260 1164 1342 virginesque

89 1367 218 1449 templa
238 1368 497 1450 conplevei'aiit“.
530 1366 585 1430 Ad
602 1367 663 1429 hoc
681 1368 829 1433 conferas
845 1366 1029 1459 Diodorum
1043 1365 1163 1437 X-VH,

89 1477 147 1552 41,
175 1478 270 1556 1-2,
297 1476 352 1556 qni
375 1496 438 1557 quo
463 1474 558 1538 modo
583 1496 618 1537 re
643 1496 719 1537 vora
738 1496 788 1537 res
805 1481 914 1555 gestae
933 1476 1006 1557 sint,
1029 1496 1165 1538 narrare

92 1580 229 1645 videtur.
279 1579 362 1645 Tum
396 1580 561 1645 Diodorus
594 1580 657 1644 alio
691 1581 761 1644 loco
796 1580 862 1665 (46,
896 1582 930 1665 4)
964 1580 1043 1643 urbe
1067 1588 1165 1665 capta

89 1695 207 1751 narrat
222 1687 448 1751 Alexandrum
469 1688 628 1751 imbellem
645 1694 786 1753 aetatem
803 1688 1038 1770 femineumque
1054 1712 1165 1753 sexum
1221 1752 1225 1759 ,
1309 1678 1310 1685 ¹

90 1796 240 1869 servituti
276 1794 448 1867 addixisse,
504 1792 685 1859 Numerum
721 1796 918 1879 captivorum
955 1817 1164 1877 permagnum

89 1901 203 1986 fuisse,
223 1903 369 1991 quamvis
386 1905 526 1967 maxima
541 1926 617 1985 pars
634 1903 865 1986 Carthaginem
882 1904 1052 1987 deportata
1069 1911 1162 1967 esset.

89 2010 239 2073 Iustinus
272 2010 350 2095 (XI.
387 2016 437 2091 10,
467 2010 519 2097 14)
553 2032 682 2093 quoqne
715 2012 814 2083 refert
838 2010 998 2075 imbellem
1022 2016 1164 2099 aetatem

91 2115 324 2198 Carthaginem
349 2125 491 2209 amotam
516 2141 584 2182 esse
609 2118 665 2181 scd
689 2127 762 2182 ante
788 2119 996 2190 obsidionem,
1036 2118 1071 2183 Si
1088 2140 1163 2183 vero

93 2226 270 2289 Arrianum
304 2246 433 2307 (auoque
455 2228 608 2309 respicias
633 2248 671 2289 ex
694 2226 743 2289 his
768 2226 899 2293 diversis
924 2227 1162 2292 narrationibus

89 2331 255 2413 intelligas
287 2353 423 2395 revera
450 2332 574 2413 legatos
598 2333 910 2423 Carthaginiensium
936 2336 978 2399 ad
1002 2332 1164 2399 celebran-

90 2438 170 2502 dum
206 2460 332 2503 sacrum
367 2441 621 2505 anniversarium
652 2442 803 2506 Herculis
829 2442 949 2526 Tyrum
983 2444 1163 2525 advenisse3

91 2546 288 2612 acdeorum
322 2547 478 2612 adventus
510 2549 544 2611 in
567 2550 694 2615 initium
719 2550 896 2615 obsidionis
919 2552 1034 2615 cadere
1059 2551 1164 2623 debet

91 2653 188 2735 Quae
213 2655 300 2737 apud
326 2655 473 2720 Curtium
498 2665 676 2738 sequuntur
698 2659 731 2720 in
756 2658 774 2739 ,ξ
801 2664 842 2724 22
867 2682 887 2723 a
902 2660 1022 2723 vorbis:
1048 2657 1165 2741 „Syra-

90 2765 221 2827 cusanis
245 2763 278 2826 id
302 2763 560 2848 simulacrumffl)
586 2772 644 2835 etc,
672 2822 679 2834 ,
709 2826 713 2837 ,
739 2815 743 2826 .
770 2775 802 2831 et
826 2768 844 2851 ᾗ
870 2770 911 2830 23
938 2790 978 2835 en
1002 2767 1064 2831 alio
1087 2786 1164 2849 quo-

91 2870 169 2933 dam
202 2871 291 2935 fonte
325 2870 444 2936 hausta
477 2879 509 2935 et
543 2894 563 2935 a
595 2871 707 2936 Curtio
740 2874 810 2957 ipso
842 2874 903 2938 hoo
934 2875 1007 2939 loco
1040 2874 1181 2953 mediae,

90 2979 273 3041 narrationi
304 2979 426 3042 inserta
461 3002 530 3043 esso
558 2989 676 3063 putem,
723 2980 807 3066 In§
833 2982 1163 3048 2401111111011110110

91 3086 138 3150 ad
161 3087 291 3150 tertium
316 3108 408 3149 suum
433 3086 554 3150 fontem
579 3096 713 3170 spectat.
753 3088 901 3153 Eandem
918 3112 990 3174 grem
1008 3110 1076 3154 esse
1093 3110 1164 3152 011111

90 3196 279 3259 narratione
304 3196 343 3259 de
367 3196 536 3278 potatione
553 3196 723 3279 Tyriorum
751 3197 793 3281 (4,
820 3198 852 3284 5)
875 3198 950 3262 inde
967 3198 1161 3282 putabimus,

92 3302 183 3387 quod
225 3303 331 3368 adhuc
371 3304 514 3369 noudum
547 3308 640 3370 certis
680 3310 877 3388 argumentis
909 3308 1083 3390 probatum
1116 3314 1164 3371 est

92 3450 272 3457 ψ-.
282 3453 308 3457 ..-

172 3518 205 3586 ⁰¹)
225 3519 289 3573 Hoc
314 3522 375 3573 loeo
402 3521 538 3575 hluetzell
562 3522 603 3588 (in
632 3522 674 3574 ed.
698 3540 733 3575 m.
760 3521 849 3575 Curtii
877 3542 903 3591 p.
928 3522 990 3591 219)
1018 3524 1163 3577 annotavit

92 3612 176 3665 haec:
198 3629 244 3679 „es
264 3612 304 3663 ist
323 3610 413 3663 0011011
431 3613 484 3663 mit
502 3609 594 3663 Recht
617 3611 770 3665 honslatirt
793 3614 914 3679 worden,
941 3613 1003 3665 dass
1031 3614 1092 3668 hier
1114 3615 1163 3667 der

93 3698 185 3753 Name
199 3694 345 3767 Syracusis
365 3700 523 3753 irrtiimlich
542 3701 697 3768 gebraucht
715 3703 759 3769 ist,
781 3702 816 3754 da
830 3700 950 3769 Syraous
970 3705 1015 3757 nie
1035 3723 1089 3758 von
1108 3706 1162 3757 den

90 3789 277 3857 Karthagern
295 3790 465 3858 gepliiudert
483 3790 596 3843 worden
616 3791 660 3843 ist.
689 3792 935 3845 Wahrscheinlich
954 3795 1060 3862 spricht
1078 3793 1161 3846 Diod.

94 3877 183 3932 XIII.
210 3877 269 3946 108,
297 3882 315 3931 4
337 3897 393 3933 von
423 3880 568 3934 derselben
593 3880 708 3937 Sache.“
751 3881 987 3949 Explanatiouem
1009 3881 1162 3950 Muetzelii,

94 3985 145 4023 cur
170 3966 284 4023 Curtius
303 3966 449 4041 Syracusis
467 3987 519 4040 pro
538 3969 633 4024 Gelois
653 3988 717 4025 usus
736 3971 779 4039 sit,
799 3971 1019 4040 comprobamus,
