2642 4242
770 173 824 258 ’36

271 371 345 420 rom
365 345 558 422 refutatione
576 345 672 418 facile
691 371 866 442 possumus
886 347 1133 441 suspereede're,
1167 349 1233 440 qui
1250 350 1288 417 D·

193 477 195 484 ’
271 448 362 520 welli
388 445 685 524 ratiocinationibhs
716 451 801 542 capti
827 444 1042 539 nauigationis
1076 450 1285 542 descriptio

271 572 356 642 quae
384 549 471 642 apud
498 550 675 618 Arrianum
705 565 807 633 extat,
832 551 986 618 ¹Nearcho
1020 550 1145 618 auctori
1166 549 1295 616 abiu'

270 652 405 736 runt¹);
426 651 614 742 praesertim
635 675 736 742 quum
756 644 979 733 Pliniilocus,
1008 674 1075 740 quo
1098 650 1271 718 Dodwelli

270 751 491 820 lucinationes'
503 752 644 820 maxime
663 752 822 835 nituntur,
838 774 938 842 suma
956 749 1023 818 iam
1043 773 1062 815 a
1083 749 1181 817 nobis
1194 765 1296 818 tracta

269 854 323 924 eit.
365 853 491 923 Verum
511 853 597 920 enim
618 876 699 922 vero
722 854 803 919 aliua
824 876 918 920 error
937 854 1002 920 hoo
1022 853 1098 919 loco
1117 852 1295 934 eetsrefelt

217 953 220 972 '
265 959 330 1026 du's
355 961 395 1025 ab
418 959 536 1028 eodem
553 953 732 1025 Do'dweilo
753 955 819 1024 iam
832 955 1023 1024 commissus
1043 969 1076 1022 et
1095 952 1291 1023 aSchmied

269 1061 405 1149 aliisque
423 1053 657 1124 recentioribus
678 1054 759 1122 viris
781 1055 885 1149 doctis
905 1054 1070 1145 repetitus.
1113 1053 1286 1120 Schmiede

271 1161 358 1226 enim
381 1157 589 1244 (praefessa
602 1156 679 1224 Arr.
691 1156 776 1248 Exp.
789 1149 885 1222 Alex.
908 1183 940 1247 p.
953 1155 1131 1243 XXXiil)
1148 1157 1194 1222 de
1204 1158 1274 1222 Nea
1293 1187 1298 1209 ι

250 1260 399 1351 ‘scriptis
422 1262 500 1325 haec
518 1257 685 1350 prodidit:
708 1257 861 1338 „Praeter
881 1260 967 1323 bunc
980 1257 1099 1322 librum
1122 1257 1177 1334 (aui
1202 1257 1280 1340 ἀμφὶ

272 1360 438 1446 παράπλῳ)
460 1359 604 1452 scripsit,
628 1357 729 1427 Suida
748 1361 844 1453 teste,
867 1357 1042 1444 συγγραφὴν
1062 1357 1135 1439 ὑπὲρ
1146 1354 1295 1435 {stagnat

273 1476 403 1552 praeter
430 1486 527 1530 omne
555 1461 707 1544 dubium,
736 1460 912 1551 quodiam
934 1460 1033 1527 video
1056 1458 1300 1536 Dodwettumt

174 1610 176 1616 ,
263 1587 388 1652 geogr.
416 1580 491 1632 vett.
513 1565 635 1655 scriptt.
665 1563 782 1633 minor.
806 1563 850 1628 T.
873 1563 898 1629 i.
927 1587 961 1653 p.
984 1565 1064 1628 140.
1084 1570 1113 1640 §.
1137 1563 1204 1641 10.)
1238 1585 1300 1627 coo

264 1663 459 1740 ,Fabricium
487 1667 688 1735 confirmare.
739 1666 817 1731 Erat
845 1665 899 1731 ilie
921 1667 1071 1755 paraphis
1091 1666 1144 1729 'vel
1171 1662 1262 1727 liber
1281 1686 1293 1724 s

276 1765 396 1854 gularis
422 1782 453 1835 et
482 1769 632 1849 diversus¹
658 1769 699 1832 ab
720 1767 854 1834 historia
881 1767 1080 1849 Ale'xandri,
1106 1769 1176 1847 vei,
1209 1789 1256 1830 ex
1293 1796 1301 1820 a

276 1865 375 1932 tentia
403 1867 588 1950 Dodwetti,
619 1867 736 1956 laqinia
763 1869 915 1934 duntaxat
933 1869 1075 1936 maioris
1102 1866 1233 1958 operis;
1261 1861 1305 1955 qu¹

157 2010 160 2016 -
276 1965 330 2034 vir
360 1969 474 2036 doctus
502 1993 543 2036 eo
570 1971 703 2058 probat,
734 1982 768 2033 u't
794 1971 986 2038 Strabonem
1015 1971 1160 2061 pluribus
1190 1968 1276 2034 locis

201 2061 212 2072 ’
275 2066 413 2134 laudatis
436 2095 477 2136 ex
496 2069 647 2136 Nearcho
669 2071 827 2158 quaedam
849 2071 1058 2161 descripsisse
1075 2061 1245 2152 ostendat,
1269 2093 1301 2158 qu

276 2167 319 2262 ad
346 2169 727 2262 parapium'pertinuiese
749 2163 845 2237 nemo
867 2167 1008 2257 credere
1020 2171 1130 2260 possit.
1191 2171 1240 2237 Iis
1270 2176 1304 2235 lu

277 2267 445 2336 Strabonis
467 2272 658 2366 addolalios
680 2273 814 2339 Arriani
834 2277 856 2338 l.
878 2275 935 2339 VI.
958 2299 986 2340 c.
1008 2278 1058 2340 13.
1080 2284 1106 2351 §.
1131 2275 1182 2342 10.
1221 2274 1296 2340 VII.

152 2403 156 2412 ¹
278 2374 308 2437 3.
333 2379 362 2448 §.
383 2375 414 2438 8.
469 2374 511 2438 Et
539 2377 620 2439 haec
650 2399 772 2462 quaeso
798 2375 878 2464 quid
907 2375 949 2440 ad
976 2375 1197 2464 parapium?“
1260 2376 1303 2440 H.

276 2469 516 2542 Schmiederus.
564 2474 742 2544 Videamus
769 2475 868 2561 igitur
895 2476 984 2566 ipsos
1005 2479 1095 2543 locos
1124 2483 1162 2540 et’
1175 2477 1302 2544 Strabo

276 2584 308 2636 et
330 2572 479 2658 Arriani,
509 2576 624 2666 quibus
649 2577 685 2642 hi
710 2577 775 2645 viri
802 2569 884 2644 hauc
906 2578 1093 2643 sententiam
1115 2579 1262 2667 probare
1300 2621 1303 2634 -

275 2673 423 2742 duerunt.
473 2678 639 2764 Strabonis
650 2665 726 2745 'ioci
747 2704 765 2745 a
784 2679 961 2751 Dodweilo
983 2679 1069 2745 citati
1089 2694 1163 2745 sunt
1183 2696 1303 2770 quattu

274 2773 387 2844 Primo
401 2777 459 2860 (T.
469 2779 526 2846 IV.
535 2805 567 2868 p.
580 2781 670 2864 554.)
682 2781 896 2870 Geographus
908 2782 1089 2851 Nearchum
1105 2805 1284 2849 narrasses

274 2877 349 2968 psit,
365 2881 723 2970 quattuorpotissimum
731 2887 870 2974 populos
880 2881 1256 2974 praedatores‚Mardos‚
1266 2886 1306 2952 ἱ»

276 3001 325 3060 os,
338 2980 514 3070 Elymaeos
522 2997 552 3048 et
561 2983 721 3051 Cossaecs
734 2984 852 3050 tributa
865 2987 1061 3052 aPersarum
1074 2984 1208 3075 regibus
1217 2972 1311 3074 exegi

254 3101 321 3159 ·se,
345 3081 493 3170 equibus
508 3084 638 3150 Cossaei
650 3109 783 3150 munera
806 3084 902 3160 etiam
923 3086 1122 3174 acceperint,
1144 3086 1277 3173 quoties

163 3207 166 3212 ·
274 3193 393 3248 aestate
428 3185 599 3276 Ecbatanis
633 3187 855 3253 transacta'in
884 3187 1099 3278 Babyloniam
1130 3170 1311 3269 descendeii

272 3279 402 3350 Horum
429 3310 510 3355 vero
539 3287 707 3353 audaciam
735 3292 777 3355 ab
805 3289 997 3355 Alexandro
1024 3313 1086 3377 per
1113 3286 1260 3375 hiemem
1289 3284 1311 3354 ei

163 3425 172 3436 ,.
272 3383 390 3451 adorto
422 3409 582 3455 eversam·
599 3415 682 3456 esse.
735 3391 851 3457 Altero
883 3393 959 3456 loco
991 3389 1050 3471 (T.
1079 3389 1136 3457 VI.
1163 3414 1198 3478 p.
1223 3394 1273 3472 6.)
1299 3384 1311 3471 i

274 3487 393 3555 eodem
425 3487 574 3557 Nearcho
609 3492 759 3573 affertur,
791 3490 1017 3557 Alexandrum
1031 3490 1079 3556 xin
1114 3482 1311 3559 molestissid

272 3589 389 3656 itinere
415 3617 477 3681 per
498 3575 692 3660 Gedrosiani
714 3607 865 3682 suscepto
887 3591 1134 3661 Semiramidem
1159 3614 1197 3657 ac
1223 3580 1311 3683 Cyrri

215 3675 219 3694 ¹
275 3715 347 3756 esse
369 3683 577 3776 aemulatum,
607 3695 663 3784 qui
681 3693 820 3761 eandem
841 3694 929 3761 viam
949 3694 984 3758 in
1005 3693 1214 3784 expeditione
1237 3660 1311 3762 Indi

246 3841 248 3847 1
274 3788 414 3880 ingressi
435 3796 594 3878 essent2).
639 3793 853 3875 Tertio-loco
871 3793 932 3879 (T.
956 3794 1011 3862 VI.
1034 3820 1068 3884 p.
1089 3793 1162 3879 22.)
1184 3794 1311 3862 interd

268 3906 581 3927 Μ

374 3944 402 4009 1)
420 3949 643 4021 Perquamsene
655 3945 771 4000 miratus
786 3946 857 4013 sum,
876 3943 952 4018 quod
964 3943 1160 4008 recentissimo
1174 3945 1263 3999 etiam
1273 3957 1311 4011 ten

271 4033 343 4098 pore
354 4028 533 4086 doctissimus
544 4025 642 4084 Petr'ui
656 4029 819 4083 deBohlen.
833 4028 950 4110 (deVet,
964 4028 1025 4083 lnd.
1047 4031 1069 4083 1.
1084 4045 1113 4098 p.
1124 4029 1182 4094 68.)
1196 4021 1311 4084 Dodwd

271 4109 414 4169 erroribus
433 4109 478 4170 est'
493 4113 685 4186 adstipulatus.
700 4143 735 4155 -
774 4115 804 4181 2)
820 4113 900 4171 Idem
917 4121 1014 4168 narrat
1025 4115 1091 4170 Ars.
1109 4114 1183 4186 Exp.
1195 4110 1311 4187 Alexi
