2642 4242
550 172 729 227 ..25-

68 369 149 415 non
176 351 320 415 minoris
344 349 490 414 Diodori
514 366 619 431 quam
641 348 837 413 Aristobuli
859 349 1097 417 testimonium
1120 366 1199 413 esse

74 465 277 531 ducendum
301 466 472 530 existimo,
646 532 649 547 ,

181 578 380 649 'Duodecim
403 554 485 645 anni
515 591 550 645 et
578 600 642 645 sex
671 599 812 645 menses
840 574 904 662 per
932 599 1021 663 quos
1046 581 1198 645 Alexan-

73 699 180 761 drum
202 716 351 780 regnum
374 698 529 763 tenuisse
554 698 622 762 alio
645 700 723 762 loco
744 706 894 761 testatur
905 698 1080 763 Eusebius
1096 715 1200 780 quem

74 815 124 878 ad
147 815 282 879 sontum
304 814 481 894 redierint,
515 815 700 878 enucleare
734 832 791 877 me
824 832 897 879 non
929 814 1086 900 potuisse
1121 832 1199 877 con-

73 932 187 995 fiteor.
225 930 318 1011 quod
354 930 493 1012 quidem
522 929 616 993 idem
644 930 796 1011 scriptor
825 930 983 994 attribuit
1012 931 1090 1012 regi
1118 930 1199 994 duo·

75 1046 192 1111 decim
207 1064 320 1111 annos
333 1055 368 1110 et
380 1064 520 1110 menses
532 1056 615 1126 treS,
632 1045 1010 1111 Pseudo-Callisthenis
1022 1046 1199 1129 deprendo

74 1163 238 1245 vestigia.
264 1163 438 1228 intersunt
462 1162 555 1227 enim
577 1163 669 1226 inter
680 1163 772 1243 Tybi
787 1170 823 1226 et
838 1162 1045 1234 Pharmuthi
1059 1181 1199 1226 menses
1237 1155 1242 1166 '

75 1288 167 1361 tres;
191 1296 314 1361 regem
337 1279 469 1343 factum
493 1296 572 1342 esse
591 1278 835 1343 Alexandrum
858 1278 984 1359 viginti
1006 1297 1119 1343 annos
1141 1297 1199 1341 na-

75 1405 153 1461 tum
175 1414 297 1459 mense
320 1396 429 1459 natali
452 1396 615 1476 scriptori
637 1404 759 1459 notum
782 1404 867 1459 erat.

184 1511 241 1576 Ab
272 1511 350 1576 aliis
379 1512 581 1577 auctoribus
609 1512 782 1576 mensium
815 1528 1000 1576 numerum
1034 1510 1199 1577 traditum

64 1645 150 1691 -non
171 1629 351 1693 habemus.

77 1936 132 2009 V.
161 1933 639 2011 Pseudo-Callisthenes
659 1934 713 2012 de
727 1933 959 2011 Alexandri
977 1934 1042 2008 die
1056 1933 1200 2009 natali.

187 2116 342 2181 Primum
366 2118 458 2181 diem
480 2118 612 2181 mensis
632 2116 724 2207 Tybi
747 2118 823 2181 sive
846 2117 946 2181 Mart.
961 2117 1001 2181 21
1027 2117 1120 2179 diem
1142 2135 1200 2179 na-

79 2236 188 2299 talem
210 2233 406 2299 Alexandri
429 2252 508 2298 esse
532 2234 746 2315 appellatum
769 2250 876 2315 supra
903 2233 1065 2313 vidimus,
1097 2250 1201 2314 quem

80 2369 161 2414 cum
188 2368 357 2431 perverse
386 2359 481 2414 esset
508 2351 709 2413 nominatus
738 2350 878 2411 omnino
907 2367 986 2413 esse
1015 2351 1202 2430 neglegen-

79 2466 163 2530 du‘m
193 2467 358 2548 Ungerus
393 2467 583 2530 arbitratus
619 2475 673 2529 est
682 2470 715 2548 ¹).
749 2465 974 2528 nihilominus
1009 2474 1136 2544 autem,
1171 2465 1202 2527 si

78 2584 173 2646 unde
197 2584 242 2647 sit
266 2584 492 2664 depromptus
515 2584 573 2645 ille
597 2582 673 2646 dies
699 2582 925 2663 inquiremus,
954 2580 1048 2643 haud
1069 2580 1202 2661 pigebit

79 2716 219 2781 operae.

187 2814 323 2879 Auctor
335 2816 517 2879 fabulosae
530 2816 573 2879 de
580 2815 776 2878 Alexandri
785 2816 892 2877 rebus
904 2813 1015 2894 gestis
1025 2812 1202 2891 historiae,

79 2940 119 2995 ut
150 2942 357 2995 exureretur
386 2931 577 3013 ignominia
611 2932 686 3013 iugi
720 2950 742 2995 a
764 2930 1016 2994 Macedonibus
1050 2927 1203 3008 impositi

79 3047 260 3129 Aegyptio
283 3049 424 3129 populo,
459 3066 481 3111 a
503 3056 604 3128 patre
627 3046 808 3129 Aegyptio
832 3046 990 3127 genitum
1020 3062 1099 3108 esse
1122 3043 1202 3107 Ale-

79 3164 255 3227 xandrum
271 3174 455 3244 poetarum
471 3181 568 3227 more
585 3163 753 3226 narravit.
778 3162 919 3243 scripsit
935 3162 1027 3225 enim
1043 3161 1070 3244 (I
1086 3160 1203 3241 1-12)

79 3280 322 3344 Nectanebum
345 3278 503 3360 Aegypti
526 3296 658 3360 regem,
694 3278 781 3342 artis
803 3278 963 3359 magicae
987 3276 1134 3341 scientia
1156 3277 1203 3339 in-

79 3397 227 3478 signem,
264 3397 308 3459 ab
337 3368 497 3460 hostibus
527 3414 546 3458 e
575 3388 690 3475 patria
719 3412 785 3459 sua
813 3395 999 3475 expulsum
1028 3395 1119 3457 clam
1146 3409 1203 3455 au-

78 3511 215 3593 fugisse
238 3510 543 3594 inMacedoniam3
566 3511 615 3576 ibi
628 3510 828 3592 Olympiam
850 3510 1020 3592 reginam,
1044 3510 1203 3594 quaeob

79 3627 301 3693 sterilitatem
325 3628 513 3693 divortium
533 3629 682 3707 timeret,
706 3629 852 3692 absente
863 3626 1023 3707 Philippo
1035 3625 1203 3690 Nectane-

79 3746 165 3809 bum
187 3744 420 3826 consuluisse;
446 3746 664 3825 astrologum
679 3761 799 3807 amore
815 3742 936 3806 uxoris
951 3740 1204 3805 inflammatum

80 3868 217 3941 patrem
241 3860 373 3925 iactum
397 3857 476 3924 ess'e
499 3859 703 3925 Alexandri.

188 4082 214 4153 1)
232 4084 303 4138 rau.
322 4086 458 4135 xxx1x
476 4080 537 4137 494.
