<?xml version="1.0" encoding="UTF-8"?>
<!DOCTYPE html PUBLIC "-//W3C//DTD XHTML 1.0 Transitional//EN"
    "http://www.w3.org/TR/xhtml1/DTD/xhtml1-transitional.dtd">
<html xmlns="http://www.w3.org/1999/xhtml" xml:lang="en" lang="en">
 <head>
  <title>
</title>
<meta http-equiv="Content-Type" content="text/html;charset=utf-8" />
  <meta name='ocr-system' content='tesseract 3.04.00' />
  <meta name='ocr-capabilities' content='ocr_page ocr_carea ocr_par ocr_line ocrx_word'/>
</head>
<body>
  <div class='ocr_page' id='page_1' title='image "./commentationisd00geiegoog_0017.png"; bbox 0 0 2642 4242; ppageno 0'>
   <div class='ocr_carea' id='block_1_1' title="bbox 537 202 573 292">
    <p class='ocr_par' dir='ltr' id='par_1_1' title="bbox 409 154 573 292">
     <span class='ocr_line' id='line_1_1' title="bbox 537 202 573 292; baseline 0 -133"><span class='ocrx_word' id='word_1_1' title='bbox 537 202 573 292; x_wconf 68' lang='lat' dir='ltr'>s</span> 
     </span>
    </p>
   </div>
   <div class='ocr_carea' id='block_1_2' title="bbox 12 362 1076 480">
    <p class='ocr_par' dir='ltr' id='par_1_2' title="bbox 12 362 1076 480">
     <span class='ocr_line' id='line_1_2' title="bbox 12 362 1076 480; baseline 0.013 -34"><span class='ocrx_word' id='word_1_2' title='bbox 12 377 164 448; x_wconf 69' lang='lat' dir='ltr'>brorum</span> <span class='ocrx_word' id='word_1_3' title='bbox 178 369 387 470; x_wconf 72' lang='grc' dir='ltr'><strong>ιιιιὶιιιιιιιιι</strong></span> <span class='ocrx_word' id='word_1_4' title='bbox 405 397 523 449; x_wconf 86' lang='lat' dir='ltr'>nenne</span> <span class='ocrx_word' id='word_1_5' title='bbox 541 383 644 450; x_wconf 84' lang='lat' dir='ltr'>multo</span> <span class='ocrx_word' id='word_1_6' title='bbox 662 367 769 480; x_wconf 79' lang='lat' dir='ltr'>magis</span> <span class='ocrx_word' id='word_1_7' title='bbox 773 362 949 454; x_wconf 82' lang='lat' dir='ltr'>decebat</span> <span class='ocrx_word' id='word_1_8' title='bbox 951 387 1076 459; x_wconf 77' lang='lat' dir='ltr'>lexico-</span> 
     </span>
    </p>
   </div>
   <div class='ocr_carea' id='block_1_3' title="bbox 12 475 1127 702">
    <p class='ocr_par' dir='ltr' id='par_1_3' title="bbox 12 475 1127 682">
     <span class='ocr_line' id='line_1_3' title="bbox 12 475 1076 584; baseline 0.012 -38"><span class='ocrx_word' id='word_1_9' title='bbox 12 482 179 572; x_wconf 75' lang='lat' dir='ltr'>graphnm,</span> <span class='ocrx_word' id='word_1_10' title='bbox 213 475 428 550; x_wconf 80' lang='lat' dir='ltr'>clarissimam</span> <span class='ocrx_word' id='word_1_11' title='bbox 455 483 654 574; x_wconf 74' lang='lat' dir='ltr'><strong>Hieronymi</strong></span> <span class='ocrx_word' id='word_1_12' title='bbox 675 484 795 554; x_wconf 86' lang='lat' dir='ltr'>librum</span> <span class='ocrx_word' id='word_1_13' title='bbox 818 487 861 555; x_wconf 89' lang='lat' dir='ltr'>de</span> <span class='ocrx_word' id='word_1_14' title='bbox 881 483 982 558; x_wconf 76' lang='lat' dir='ltr'>rebus&#39;</span> <span class='ocrx_word' id='word_1_15' title='bbox 998 505 1076 584; x_wconf 84' lang='lat' dir='ltr'>post</span> 
     </span>
     <span class='ocr_line' id='line_1_4' title="bbox 12 577 1127 702; baseline 0.011 -54"><span class='ocrx_word' id='word_1_16' title='bbox 12 581 226 650; x_wconf 78' lang='lat' dir='ltr'><strong>Alexandrum</strong></span> <span class='ocrx_word' id='word_1_17' title='bbox 246 581 348 671; x_wconf 77' lang='lat' dir='ltr'>gestis</span> <span class='ocrx_word' id='word_1_18' title='bbox 364 577 522 650; x_wconf 82' lang='lat' dir='ltr'>hocloco</span> <span class='ocrx_word' id='word_1_19' title='bbox 542 583 835 702; x_wconf 63' lang='lat' dir='ltr'>appellare32qusm</span> <span class='ocrx_word' id='word_1_20' title='bbox 855 588 948 676; x_wconf 86' lang='lat' dir='ltr'>eum,</span> <span class='ocrx_word' id='word_1_21' title='bbox 963 615 1075 682; x_wconf 85' lang='lat' dir='ltr'>quem</span> <span class='ocrx_word' id='word_1_22' title='bbox 1092 601 1127 669; x_wconf 77' lang='grc'>“,</span> 
     </span>
    </p>
   </div>
   <div class='ocr_carea' id='block_1_4' title="bbox 12 643 1097 2008">
    <p class='ocr_par' dir='ltr' id='par_1_4' title="bbox 12 643 1097 2001">
     <span class='ocr_line' id='line_1_5' title="bbox 12 643 1094 783; baseline 0.01 -35"><span class='ocrx_word' id='word_1_23' title='bbox 12 683 122 750; x_wconf 87' lang='lat' dir='ltr'>nemini</span> <span class='ocrx_word' id='word_1_24' title='bbox 143 697 291 751; x_wconf 84' lang='lat' dir='ltr'>veterum</span> <span class='ocrx_word' id='word_1_25' title='bbox 310 682 505 774; x_wconf 85' lang='lat' dir='ltr'>scriptorum</span> <span class='ocrx_word' id='word_1_26' title='bbox 524 707 567 750; x_wconf 90' lang='lat' dir='ltr'>ue</span> <span class='ocrx_word' id='word_1_27' title='bbox 586 683 766 754; x_wconf 79' lang='lat' dir='ltr'>innotuisse</span> <span class='ocrx_word' id='word_1_28' title='bbox 785 689 918 783; x_wconf 82' lang='lat' dir='ltr'>quidem</span> <span class='ocrx_word' id='word_1_29' title='bbox 930 643 1094 762; x_wconf 65' lang='lat' dir='ltr'>ieiunae*</span> 
     </span>
     <span class='ocr_line' id='line_1_6' title="bbox 12 781 1075 908; baseline 0.01 -58"><span class='ocrx_word' id='word_1_30' title='bbox 12 783 152 874; x_wconf 86' lang='lat' dir='ltr'>Denique</span> <span class='ocrx_word' id='word_1_31' title='bbox 176 783 266 874; x_wconf 91' lang='lat' dir='ltr'>quod</span> <span class='ocrx_word' id='word_1_32' title='bbox 290 783 349 850; x_wconf 88' lang='lat' dir='ltr'>ad</span> <span class='ocrx_word' id='word_1_33' title='bbox 346 781 501 876; x_wconf 76' lang='lat' dir='ltr'>·Appia&#39;ni</span> <span class='ocrx_word' id='word_1_34' title='bbox 523 781 649 852; x_wconf 86' lang='lat' dir='ltr'>locum</span> <span class='ocrx_word' id='word_1_35' title='bbox 652 786 780 872; x_wconf 87' lang='lat' dir='ltr'>attinet,</span> <span class='ocrx_word' id='word_1_36' title='bbox 807 815 966 908; x_wconf 75' lang='lat' dir='ltr'>perquam</span> <span class='ocrx_word' id='word_1_37' title='bbox 995 817 1075 862; x_wconf 81' lang='lat' dir='ltr'>sane</span> 
     </span>
     <span class='ocr_line' id='line_1_7' title="bbox 12 841 1073 981; baseline 0.009 -29"><span class='ocrx_word' id='word_1_38' title='bbox 12 888 135 954; x_wconf 87' lang='lat' dir='ltr'>niratns</span> <span class='ocrx_word' id='word_1_39' title='bbox 154 911 243 969; x_wconf 88' lang='lat' dir='ltr'>sum,</span> <span class='ocrx_word' id='word_1_40' title='bbox 266 908 342 954; x_wconf 87' lang='lat' dir='ltr'>eum</span> <span class='ocrx_word' id='word_1_41' title='bbox 364 902 433 953; x_wconf 86' lang='lat' dir='ltr'>eta</span> <span class='ocrx_word' id='word_1_42' title='bbox 454 886 576 955; x_wconf 88' lang='lat' dir='ltr'>Vossio</span> <span class='ocrx_word' id='word_1_43' title='bbox 591 902 624 954; x_wconf 85' lang='lat' dir='ltr'>et</span> <span class='ocrx_word' id='word_1_44' title='bbox 640 911 665 954; x_wconf 88' lang='lat' dir='ltr'>a</span> <span class='ocrx_word' id='word_1_45' title='bbox 660 841 905 981; x_wconf 84' lang='lat' dir='ltr'>Kiesslingio</span> <span class='ocrx_word' id='word_1_46' title='bbox 893 907 988 961; x_wconf 82' lang='lat' dir='ltr'>soter·</span> <span class='ocrx_word' id='word_1_47' title='bbox 994 904 1073 962; x_wconf 78' lang='lat' dir='ltr'>suae</span> 
     </span>
     <span class='ocr_line' id='line_1_8' title="bbox 12 977 1072 1084; baseline 0.006 -27"><span class='ocrx_word' id='word_1_48' title='bbox 12 989 169 1080; x_wconf 78' lang='lat' dir='ltr'>opinionis</span> <span class='ocrx_word' id='word_1_49' title='bbox 200 985 389 1071; x_wconf 64' lang='lat' dir='ltr'>testimonia</span> <span class='ocrx_word' id='word_1_50' title='bbox 405 991 540 1056; x_wconf 82' lang='lat' dir='ltr'>relatum</span> <span class='ocrx_word' id='word_1_51' title='bbox 567 1013 650 1056; x_wconf 87' lang='lat' dir='ltr'>esse.</span> <span class='ocrx_word' id='word_1_52' title='bbox 681 986 852 1082; x_wconf 84' lang='lat' dir='ltr'>·Namque</span> <span class='ocrx_word' id='word_1_53' title='bbox 879 996 991 1084; x_wconf 89' lang='lat' dir='ltr'>quod</span> <span class='ocrx_word' id='word_1_54' title='bbox 998 977 1072 1063; x_wconf 90' lang='lat' dir='ltr'>obi-</span> 
     </span>
     <span class='ocr_line' id='line_1_9' title="bbox 12 1090 1093 1188; baseline 0.003 -29"><span class='ocrx_word' id='word_1_55' title='bbox 12 1107 52 1160; x_wconf 88' lang='lat' dir='ltr'>ter</span> <span class='ocrx_word' id='word_1_56' title='bbox 78 1094 252 1188; x_wconf 80' lang='lat' dir='ltr'>Appianas</span> <span class='ocrx_word' id='word_1_57' title='bbox 278 1093 353 1158; x_wconf 87' lang='lat' dir='ltr'>hoc·</span> <span class='ocrx_word' id='word_1_58' title='bbox 364 1093 446 1159; x_wconf 82' lang='lat' dir='ltr'>loon</span> <span class='ocrx_word' id='word_1_59' title='bbox 474 1115 516 1158; x_wconf 82' lang='lat' dir='ltr'>ex</span> <span class='ocrx_word' id='word_1_60' title='bbox 540 1090 751 1182; x_wconf 84' lang='lat' dir='ltr'>Hieronymo</span> <span class='ocrx_word' id='word_1_61' title='bbox 779 1095 898 1176; x_wconf 85' lang='lat' dir='ltr'>attulit,</span> <span class='ocrx_word' id='word_1_62' title='bbox 925 1096 1093 1164; x_wconf 83' lang='lat' dir='ltr'>Alexan-</span> 
     </span>
     <span class='ocr_line' id='line_1_10' title="bbox 12 1145 1087 1314; baseline 0.002 -52"><span class='ocrx_word' id='word_1_63' title='bbox 12 1197 110 1280; x_wconf 86' lang='lat' dir='ltr'>drum,</span> <span class='ocrx_word' id='word_1_64' title='bbox 132 1219 232 1286; x_wconf 90' lang='lat' dir='ltr'>quum</span> <span class='ocrx_word' id='word_1_65' title='bbox 246 1194 401 1261; x_wconf 83' lang='lat' dir='ltr'>adversus</span> <span class='ocrx_word' id='word_1_66' title='bbox 415 1189 553 1258; x_wconf 80' lang='lat' dir='ltr'>Darium</span> <span class='ocrx_word' id='word_1_67' title='bbox 568 1192 838 1284; x_wconf 79' lang='lat' dir='ltr'>proficisceretur,</span> <span class='ocrx_word' id='word_1_68' title='bbox 860 1145 1087 1314; x_wconf 74' lang='grc' dir='ltr'><strong>Οιιιιιιιιιιι</strong></span> 
     </span>
     <span class='ocr_line' id='line_1_11' title="bbox 12 1293 1097 1409; baseline 0.002 -45"><span class='ocrx_word' id='word_1_69' title='bbox 12 1297 139 1367; x_wconf 88' lang='lat' dir='ltr'>intactos</span> <span class='ocrx_word' id='word_1_70' title='bbox 159 1298 337 1389; x_wconf 75' lang='lat' dir='ltr'>reliquisse</span> <span class='ocrx_word' id='word_1_71' title='bbox 332 1293 382 1364; x_wconf 82' lang='lat' dir='ltr'>e&#39;l</span> <span class='ocrx_word' id='word_1_72' title='bbox 400 1293 461 1409; x_wconf 77' lang='lat' dir='ltr'>pei</span> <span class='ocrx_word' id='word_1_73' title='bbox 482 1297 707 1390; x_wconf 80' lang='lat' dir='ltr'>Pamphyliam</span> <span class='ocrx_word' id='word_1_74' title='bbox 729 1314 761 1364; x_wconf 88' lang='lat' dir='ltr'>et</span> <span class='ocrx_word' id='word_1_75' title='bbox 779 1299 936 1368; x_wconf 81' lang='lat' dir='ltr'>Ciliciam</span> <span class='ocrx_word' id='word_1_76' title='bbox 945 1299 1075 1370; x_wconf 64' lang='grc' dir='ltr'><strong>ιιιιιιὲ·</strong></span> <span class='ocrx_word' id='word_1_77' title='bbox 1070 1295 1097 1338; x_wconf 68' lang='lat'><em>³</em></span> 
     </span>
     <span class='ocr_line' id='line_1_12' title="bbox 12 1397 1097 1497; baseline -0.001 -30"><span class='ocrx_word' id='word_1_78' title='bbox 12 1415 71 1468; x_wconf 91' lang='lat' dir='ltr'>tum</span> <span class='ocrx_word' id='word_1_79' title='bbox 99 1401 251 1468; x_wconf 79' lang='lat' dir='ltr'>duxisse:</span> <span class='ocrx_word' id='word_1_80' title='bbox 274 1405 363 1467; x_wconf 80' lang='lat' dir='ltr'>haec</span> <span class='ocrx_word' id='word_1_81' title='bbox 374 1397 522 1467; x_wconf 78' lang='lat' dir='ltr'>narratio</span> <span class='ocrx_word' id='word_1_82' title='bbox 536 1423 614 1466; x_wconf 89' lang='lat' dir='ltr'>num</span> <span class='ocrx_word' id='word_1_83' title='bbox 635 1425 679 1466; x_wconf 82' lang='lat' dir='ltr'>ex</span> <span class='ocrx_word' id='word_1_84' title='bbox 698 1399 854 1494; x_wconf 79' lang='lat' dir='ltr'>singulari</span> <span class='ocrx_word' id='word_1_85' title='bbox 873 1399 1097 1497; x_wconf 55' lang='lat' dir='ltr'>Hierounni</span> 
     </span>
     <span class='ocr_line' id='line_1_13' title="bbox 12 1496 1074 1593; baseline -0.002 -23"><span class='ocrx_word' id='word_1_86' title='bbox 12 1505 88 1573; x_wconf 90' lang='lat' dir='ltr'>libro</span> <span class='ocrx_word' id='word_1_87' title='bbox 125 1503 169 1572; x_wconf 86' lang='lat' dir='ltr'>de</span> <span class='ocrx_word' id='word_1_88' title='bbox 203 1501 385 1572; x_wconf 75' lang='lat' dir='ltr'>Alexandri</span> <span class='ocrx_word' id='word_1_89' title='bbox 417 1501 514 1568; x_wconf 90' lang='lat' dir='ltr'>rebus</span> <span class='ocrx_word' id='word_1_90' title='bbox 551 1501 744 1593; x_wconf 89' lang='lat' dir='ltr'>conscripto</span> <span class='ocrx_word' id='word_1_91' title='bbox 766 1518 834 1570; x_wconf 90' lang='lat' dir='ltr'>erat</span> <span class='ocrx_word' id='word_1_92' title='bbox 868 1496 1074 1571; x_wconf 69' lang='lat' dir='ltr'>haurienda?</span> 
     </span>
     <span class='ocr_line' id='line_1_14' title="bbox 12 1595 1091 1696; baseline -0.004 -22"><span class='ocrx_word' id='word_1_93' title='bbox 12 1605 145 1680; x_wconf 87' lang='lat' dir='ltr'>Nonne</span> <span class='ocrx_word' id='word_1_94' title='bbox 133 1603 311 1672; x_wconf 73' lang='lat' dir='ltr'>innumeris</span> <span class='ocrx_word' id='word_1_95' title='bbox 321 1599 436 1696; x_wconf 81' lang='lat' dir='ltr'>potius</span> <span class='ocrx_word' id='word_1_96' title='bbox 450 1601 531 1669; x_wconf 91' lang='lat' dir='ltr'>locis</span> <span class='ocrx_word' id='word_1_97' title='bbox 552 1601 769 1686; x_wconf 80' lang='lat' dir='ltr'>historiarum,</span> <span class='ocrx_word' id='word_1_98' title='bbox 790 1603 908 1694; x_wconf 88' lang='lat' dir='ltr'>quibus</span> <span class='ocrx_word' id='word_1_99' title='bbox 927 1595 1091 1694; x_wconf 70' lang='lat' dir='ltr'>resphab·</span> 
     </span>
     <span class='ocr_line' id='line_1_15' title="bbox 12 1701 1092 1802; baseline -0.007 -26"><span class='ocrx_word' id='word_1_100' title='bbox 12 1708 230 1776; x_wconf 85' lang='lat' dir='ltr'>Alexandrum</span> <span class='ocrx_word' id='word_1_101' title='bbox 258 1719 364 1796; x_wconf 90' lang='lat' dir='ltr'>gestas</span> <span class='ocrx_word' id='word_1_102' title='bbox 375 1717 577 1787; x_wconf 85' lang='lat' dir='ltr'>tractaverat</span> <span class='ocrx_word' id='word_1_103' title='bbox 599 1701 676 1768; x_wconf 93' lang='lat' dir='ltr'>huic</span> <span class='ocrx_word' id='word_1_104' title='bbox 694 1703 904 1802; x_wconf 79' lang='lat' dir='ltr'>potissimum</span> <span class='ocrx_word' id='word_1_105' title='bbox 920 1701 1092 1794; x_wconf 63' lang='lat' dir='ltr'>scriptori*</span> 
     </span>
     <span class='ocr_line' id='line_1_16' title="bbox 12 1802 1092 1904; baseline -0.008 -30"><span class='ocrx_word' id='word_1_106' title='bbox 12 1807 98 1876; x_wconf 89' lang='lat' dir='ltr'>huius</span> <span class='ocrx_word' id='word_1_107' title='bbox 120 1825 153 1877; x_wconf 88' lang='lat' dir='ltr'>et</span> <span class='ocrx_word' id='word_1_108' title='bbox 173 1807 326 1874; x_wconf 84' lang='lat' dir='ltr'>similium</span> <span class='ocrx_word' id='word_1_109' title='bbox 346 1823 456 1872; x_wconf 76' lang='lat' dir='ltr'>remam</span> <span class='ocrx_word' id='word_1_110' title='bbox 475 1805 758 1873; x_wconf 86' lang='lat' dir='ltr'>memorandarum</span> <span class='ocrx_word' id='word_1_111' title='bbox 779 1806 1014 1904; x_wconf 73' lang='lat' dir='ltr'>opportunitas</span> <span class='ocrx_word' id='word_1_112' title='bbox 1007 1802 1092 1868; x_wconf 82' lang='lat' dir='ltr'>al·-</span> 
     </span>
     <span class='ocr_line' id='line_1_17' title="bbox 12 1895 1092 2008; baseline -0.002 -32"><span class='ocrx_word' id='word_1_113' title='bbox 12 1911 95 1980; x_wconf 91' lang='lat' dir='ltr'>latim</span> <span class='ocrx_word' id='word_1_114' title='bbox 116 1927 185 1980; x_wconf 84' lang='lat' dir='ltr'>erat</span> <span class='ocrx_word' id='word_1_115' title='bbox 202 1907 490 2001; x_wconf 59' lang='lat' dir='ltr'>suppeditatas·-</span> <span class='ocrx_word' id='word_1_116' title='bbox 534 1903 645 1992; x_wconf 80' lang='lat' dir='ltr'>Quare</span> <span class='ocrx_word' id='word_1_117' title='bbox 665 1921 701 1973; x_wconf 89' lang='lat' dir='ltr'>ut</span> <span class='ocrx_word' id='word_1_118' title='bbox 720 1931 877 2008; x_wconf 81' lang='lat' dir='ltr'>summam</span> <span class='ocrx_word' id='word_1_119' title='bbox 895 1895 1092 2008; x_wconf 73' lang='lat' dir='ltr'>efficiamus</span> 
     </span>
    </p>
   </div>
   <div class='ocr_carea' id='block_1_5' title="bbox 12 1969 1187 2327">
    <p class='ocr_par' dir='ltr' id='par_1_5' title="bbox 12 1969 1187 2310">
     <span class='ocr_line' id='line_1_18' title="bbox 12 1969 1105 2117; baseline -0.005 -37"><span class='ocrx_word' id='word_1_120' title='bbox 12 2013 97 2082; x_wconf 90' lang='lat' dir='ltr'>huius</span> <span class='ocrx_word' id='word_1_121' title='bbox 119 2011 333 2094; x_wconf 70' lang='lat' dir='ltr'>deveniendi,</span> <span class='ocrx_word' id='word_1_122' title='bbox 362 2011 422 2077; x_wconf 86' lang='lat' dir='ltr'>etsi</span> <span class='ocrx_word' id='word_1_123' title='bbox 443 1969 584 2076; x_wconf 82' lang='lat' dir='ltr'>dubitsiri</span> <span class='ocrx_word' id='word_1_124' title='bbox 602 2009 726 2109; x_wconf 80' lang='lat' dir='ltr'>pequit,</span> <span class='ocrx_word' id='word_1_125' title='bbox 754 2011 831 2100; x_wconf 87' lang='lat' dir='ltr'>quin</span> <span class='ocrx_word' id='word_1_126' title='bbox 851 2011 938 2078; x_wconf 85' lang='lat' dir='ltr'>haud</span> <span class='ocrx_word' id='word_1_127' title='bbox 960 2003 1071 2117; x_wconf 79' lang='lat' dir='ltr'>paucis</span> <span class='ocrx_word' id='word_1_128' title='bbox 1103 2003 1105 2007; x_wconf 61' lang='grc'><strong>’</strong></span> 
     </span>
     <span class='ocr_line' id='line_1_19' title="bbox 12 2107 1171 2228; baseline -0.005 -45"><span class='ocrx_word' id='word_1_129' title='bbox 12 2117 84 2184; x_wconf 84' lang='grc' dir='ltr'><strong>Ιοιιι</strong></span> <span class='ocrx_word' id='word_1_130' title='bbox 112 2107 317 2184; x_wconf 84' lang='lat' dir='ltr'>celeberrimi</span> <span class='ocrx_word' id='word_1_131' title='bbox 329 2110 447 2204; x_wconf 86' lang='lat' dir='ltr'>operis</span> <span class='ocrx_word' id='word_1_132' title='bbox 466 2111 509 2176; x_wconf 89' lang='lat' dir='ltr'>de</span> <span class='ocrx_word' id='word_1_133' title='bbox 529 2112 721 2228; x_wconf 63' lang='lat' dir='ltr'>Alegandri</span> <span class='ocrx_word' id='word_1_134' title='bbox 726 2117 983 2183; x_wconf 87' lang='lat' dir='ltr'>successoribus</span> <span class='ocrx_word' id='word_1_135' title='bbox 991 2121 1091 2183; x_wconf 87' lang='lat' dir='ltr'>con·</span> <span class='ocrx_word' id='word_1_136' title='bbox 1168 2168 1171 2177; x_wconf 88' lang='lat'><em>.</em></span> 
     </span>
     <span class='ocr_line' id='line_1_20' title="bbox 13 2203 1187 2327; baseline -0.001 -44"><span class='ocrx_word' id='word_1_137' title='bbox 13 2219 117 2310; x_wconf 87' lang='lat' dir='ltr'>scripti</span> <span class='ocrx_word' id='word_1_138' title='bbox 135 2241 189 2286; x_wconf 87' lang='lat' dir='ltr'>res</span> <span class='ocrx_word' id='word_1_139' title='bbox 199 2213 386 2286; x_wconf 81' lang='lat' dir='ltr'>memoratu</span> <span class='ocrx_word' id='word_1_140' title='bbox 407 2212 521 2327; x_wconf 86' lang='lat' dir='ltr'>dignas</span> <span class='ocrx_word' id='word_1_141' title='bbox 545 2234 587 2277; x_wconf 83' lang='lat' dir='ltr'>ex</span> <span class='ocrx_word' id='word_1_142' title='bbox 605 2212 677 2304; x_wconf 88' lang='lat' dir='ltr'>ipsa</span> <span class='ocrx_word' id='word_1_143' title='bbox 697 2215 807 2305; x_wconf 90' lang='lat' dir='ltr'>magni</span> <span class='ocrx_word' id='word_1_144' title='bbox 826 2217 913 2306; x_wconf 91' lang='lat' dir='ltr'>regis</span> <span class='ocrx_word' id='word_1_145' title='bbox 935 2203 1092 2284; x_wconf 84' lang='lat' dir='ltr'>historia²</span> <span class='ocrx_word' id='word_1_146' title='bbox 1185 2208 1187 2217; x_wconf 50' lang='lat'><strong>¹</strong></span> 
     </span>
    </p>
   </div>
   <div class='ocr_carea' id='block_1_6' title="bbox 13 2311 1091 2640">
    <p class='ocr_par' dir='ltr' id='par_1_6' title="bbox 13 2311 1074 2614">
     <span class='ocr_line' id='line_1_21' title="bbox 13 2311 1074 2422; baseline -0.001 -37"><span class='ocrx_word' id='word_1_147' title='bbox 13 2317 229 2422; x_wconf 83' lang='lat' dir='ltr'>Hieronymus</span> <span class='ocrx_word' id='word_1_148' title='bbox 260 2315 333 2382; x_wconf 82' lang='lat' dir='ltr'>deta</span> <span class='ocrx_word' id='word_1_149' title='bbox 355 2313 525 2382; x_wconf 75' lang='lat' dir='ltr'>occisione</span> <span class='ocrx_word' id='word_1_150' title='bbox 547 2311 701 2412; x_wconf 83' lang='lat' dir='ltr'>attigerit:</span> <span class='ocrx_word' id='word_1_151' title='bbox 718 2319 940 2384; x_wconf 67' lang='lat' dir='ltr'>vehementer</span> <span class='ocrx_word' id='word_1_152' title='bbox 964 2331 1074 2384; x_wconf 89' lang='lat' dir='ltr'>tamen</span> 
     </span>
     <span class='ocr_line' id='line_1_22' title="bbox 13 2415 1091 2528; baseline 0.002 -44"><span class='ocrx_word' id='word_1_153' title='bbox 13 2421 176 2504; x_wconf 81' lang='lat' dir='ltr'>falluntur,</span> <span class='ocrx_word' id='word_1_154' title='bbox 207 2445 264 2510; x_wconf 86' lang='lat' dir='ltr'>qur</span> <span class='ocrx_word' id='word_1_155' title='bbox 255 2415 439 2510; x_wconf 76' lang='lat' dir='ltr'>&#39;singulari</span> <span class='ocrx_word' id='word_1_156' title='bbox 460 2416 546 2489; x_wconf 90' lang='lat' dir='ltr'>libro</span> <span class='ocrx_word' id='word_1_157' title='bbox 566 2415 748 2510; x_wconf 83' lang='lat' dir='ltr'>Alexandri</span> <span class='ocrx_word' id='word_1_158' title='bbox 767 2441 844 2514; x_wconf 74' lang='lat' dir='ltr'>sum</span> <span class='ocrx_word' id='word_1_159' title='bbox 860 2445 913 2486; x_wconf 88' lang='lat' dir='ltr'>res</span> <span class='ocrx_word' id='word_1_160' title='bbox 935 2415 1091 2528; x_wconf 65' lang='lat' dir='ltr'>opinenssl‘</span> 
     </span>
     <span class='ocr_line' id='line_1_23' title="bbox 14 2535 414 2640; baseline -0.01 -51"><span class='ocrx_word' id='word_1_161' title='bbox 14 2538 60 2592; x_wconf 86' lang='lat' dir='ltr'>tur</span> <span class='ocrx_word' id='word_1_162' title='bbox 80 2549 156 2591; x_wconf 89' lang='lat' dir='ltr'>esse</span> <span class='ocrx_word' id='word_1_163' title='bbox 174 2535 414 2640; x_wconf 73' lang='grc' dir='ltr'><strong>ιιιιιιιιιιιιιιιι.</strong></span> 
     </span>
    </p>
   </div>
   <div class='ocr_carea' id='block_1_7' title="bbox 107 2605 1165 2716">
    <p class='ocr_par' dir='ltr' id='par_1_7' title="bbox 107 2605 1165 2716">
     <span class='ocr_line' id='line_1_24' title="bbox 107 2605 1165 2716; baseline -0.003 -24"><span class='ocrx_word' id='word_1_164' title='bbox 107 2623 243 2692; x_wconf 85' lang='grc' dir='ltr'><strong>Μιιιο’</strong></span> <span class='ocrx_word' id='word_1_165' title='bbox 232 2623 331 2713; x_wconf 74' lang='lat' dir='ltr'>rgitur</span> <span class='ocrx_word' id='word_1_166' title='bbox 347 2613 554 2712; x_wconf 84' lang='lat' dir='ltr'>Hieronymo</span> <span class='ocrx_word' id='word_1_167' title='bbox 571 2606 735 2689; x_wconf 75' lang='lat' dir='ltr'>Gordiano</span> <span class='ocrx_word' id='word_1_168' title='bbox 753 2621 806 2690; x_wconf 88' lang='grc' dir='ltr'>ιι</span> <span class='ocrx_word' id='word_1_169' title='bbox 794 2637 879 2689; x_wconf 77' lang='lat' dir='ltr'>inter</span> <span class='ocrx_word' id='word_1_170' title='bbox 891 2647 927 2689; x_wconf 86' lang='lat' dir='ltr'>se</span> <span class='ocrx_word' id='word_1_171' title='bbox 941 2605 1094 2716; x_wconf 59' lang='lat' dir='ltr'>compa-[5</span> <span class='ocrx_word' id='word_1_172' title='bbox 1161 2706 1165 2714; x_wconf 23' lang='grc' dir='ltr'><strong>ι</strong></span> 
     </span>
    </p>
   </div>
   <div class='ocr_carea' id='block_1_8' title="bbox 15 2721 1092 3630">
    <p class='ocr_par' dir='ltr' id='par_1_8' title="bbox 15 2721 1092 3627">
     <span class='ocr_line' id='line_1_25' title="bbox 15 2721 1092 2840; baseline -0.011 -43"><span class='ocrx_word' id='word_1_173' title='bbox 15 2729 130 2798; x_wconf 77' lang='lat' dir='ltr'>raseris</span> <span class='ocrx_word' id='word_1_174' title='bbox 145 2750 228 2818; x_wconf 93' lang='lat' dir='ltr'>quos</span> <span class='ocrx_word' id='word_1_175' title='bbox 245 2747 342 2840; x_wconf 85' lang='lat' dir='ltr'>supra</span> <span class='ocrx_word' id='word_1_176' title='bbox 356 2721 588 2813; x_wconf 82' lang='lat' dir='ltr'>appellavimus</span> <span class='ocrx_word' id='word_1_177' title='bbox 603 2724 753 2811; x_wconf 85' lang='lat' dir='ltr'>aequales</span> <span class='ocrx_word' id='word_1_178' title='bbox 767 2723 949 2792; x_wconf 86' lang='lat' dir='ltr'>Alexandri</span> <span class='ocrx_word' id='word_1_179' title='bbox 962 2749 1092 2790; x_wconf 80' lang='lat' dir='ltr'>rerum</span> 
     </span>
     <span class='ocr_line' id='line_1_26' title="bbox 16 2821 1074 2922; baseline -0.006 -26"><span class='ocrx_word' id='word_1_180' title='bbox 16 2832 194 2922; x_wconf 78' lang='lat' dir='ltr'>scriptores,</span> <span class='ocrx_word' id='word_1_181' title='bbox 209 2825 289 2892; x_wconf 91' lang='lat' dir='ltr'>alii</span> <span class='ocrx_word' id='word_1_182' title='bbox 278 2839 437 2913; x_wconf 89' lang='lat' dir='ltr'>mtegram</span> <span class='ocrx_word' id='word_1_183' title='bbox 447 2823 555 2912; x_wconf 87' lang='lat' dir='ltr'>magui</span> <span class='ocrx_word' id='word_1_184' title='bbox 568 2821 1074 2915; x_wconf 84' lang='lat' dir='ltr'>regishistoriamcommentariis</span> 
     </span>
     <span class='ocr_line' id='line_1_27' title="bbox 17 2909 1077 3049; baseline -0.007 -51"><span class='ocrx_word' id='word_1_185' title='bbox 17 2932 201 3049; x_wconf 77' lang='lat' dir='ltr'>consignare</span> <span class='ocrx_word' id='word_1_186' title='bbox 217 2939 435 3044; x_wconf 77' lang='lat' dir='ltr'>susceperunt,</span> <span class='ocrx_word' id='word_1_187' title='bbox 456 2923 510 2990; x_wconf 90' lang='lat' dir='ltr'>alii</span> <span class='ocrx_word' id='word_1_188' title='bbox 523 2921 701 3013; x_wconf 84' lang='lat' dir='ltr'>singulares</span> <span class='ocrx_word' id='word_1_189' title='bbox 715 2939 836 2991; x_wconf 90' lang='lat' dir='ltr'>tantum</span> <span class='ocrx_word' id='word_1_190' title='bbox 849 2909 1020 3015; x_wconf 84' lang='lat' dir='ltr'>particulas</span> <span class='ocrx_word' id='word_1_191' title='bbox 1033 2948 1077 2991; x_wconf 84' lang='lat' dir='ltr'>ex</span> 
     </span>
     <span class='ocr_line' id='line_1_28' title="bbox 17 3023 1078 3121; baseline -0.005 -22"><span class='ocrx_word' id='word_1_192' title='bbox 17 3033 76 3099; x_wconf 89' lang='lat' dir='ltr'>eius</span> <span class='ocrx_word' id='word_1_193' title='bbox 89 3033 146 3102; x_wconf 85' lang='lat' dir='ltr'>vel</span> <span class='ocrx_word' id='word_1_194' title='bbox 160 3029 224 3098; x_wconf 85' lang='lat' dir='ltr'>vita</span> <span class='ocrx_word' id='word_1_195' title='bbox 233 3029 357 3121; x_wconf 90' lang='lat' dir='ltr'>privata</span> <span class='ocrx_word' id='word_1_196' title='bbox 370 3031 423 3096; x_wconf 86' lang='lat' dir='ltr'>vel</span> <span class='ocrx_word' id='word_1_197' title='bbox 431 3027 526 3094; x_wconf 89' lang='lat' dir='ltr'>rebus</span> <span class='ocrx_word' id='word_1_198' title='bbox 542 3023 638 3114; x_wconf 88' lang='lat' dir='ltr'>gestis</span> <span class='ocrx_word' id='word_1_199' title='bbox 652 3042 874 3094; x_wconf 82' lang='lat' dir='ltr'>narraverunt.</span> <span class='ocrx_word' id='word_1_200' title='bbox 895 3028 933 3094; x_wconf 92' lang='lat' dir='ltr'>lu</span> <span class='ocrx_word' id='word_1_201' title='bbox 944 3026 1078 3096; x_wconf 89' lang='lat' dir='ltr'>illorum</span> 
     </span>
     <span class='ocr_line' id='line_1_29' title="bbox 16 3125 1078 3211; baseline -0.006 -10"><span class='ocrx_word' id='word_1_202' title='bbox 16 3159 176 3203; x_wconf 89' lang='lat' dir='ltr'>numerum</span> <span class='ocrx_word' id='word_1_203' title='bbox 196 3131 360 3198; x_wconf 82' lang='lat' dir='ltr'>referendi</span> <span class='ocrx_word' id='word_1_204' title='bbox 381 3145 469 3196; x_wconf 84' lang='lat' dir='ltr'>sunt:</span> <span class='ocrx_word' id='word_1_205' title='bbox 481 3125 718 3211; x_wconf 74' lang='lat' dir='ltr'>Callisthenes,</span> <span class='ocrx_word' id='word_1_206' title='bbox 741 3128 930 3211; x_wconf 83' lang='lat' dir='ltr'>Clitarchus,</span> <span class='ocrx_word' id='word_1_207' title='bbox 948 3129 1078 3195; x_wconf 82' lang='lat' dir='ltr'>Anaxi·</span> 
     </span>
     <span class='ocr_line' id='line_1_30' title="bbox 17 3231 1075 3317; baseline -0.006 -13"><span class='ocrx_word' id='word_1_208' title='bbox 17 3261 127 3317; x_wconf 87' lang='lat' dir='ltr'>menes,</span> <span class='ocrx_word' id='word_1_209' title='bbox 152 3233 362 3316; x_wconf 86' lang='lat' dir='ltr'>Onesicritus,</span> <span class='ocrx_word' id='word_1_210' title='bbox 376 3233 579 3302; x_wconf 87' lang='lat' dir='ltr'>Ptolemaeus</span> <span class='ocrx_word' id='word_1_211' title='bbox 598 3244 630 3296; x_wconf 84' lang='lat' dir='ltr'>et</span> <span class='ocrx_word' id='word_1_212' title='bbox 645 3231 871 3312; x_wconf 83' lang='lat' dir='ltr'>Aristobulus3</span> <span class='ocrx_word' id='word_1_213' title='bbox 884 3231 919 3296; x_wconf 97' lang='lat' dir='ltr'>hi</span> <span class='ocrx_word' id='word_1_214' title='bbox 929 3231 1075 3298; x_wconf 75' lang='lat' dir='ltr'>fueruutz</span> 
     </span>
     <span class='ocr_line' id='line_1_31' title="bbox 17 3331 1075 3432; baseline -0.017 -25"><span class='ocrx_word' id='word_1_215' title='bbox 17 3341 184 3422; x_wconf 85' lang='lat' dir='ltr'>Nearchus,</span> <span class='ocrx_word' id='word_1_216' title='bbox 208 3335 340 3418; x_wconf 87' lang='lat' dir='ltr'>Chares,</span> <span class='ocrx_word' id='word_1_217' title='bbox 354 3335 528 3426; x_wconf 79' lang='lat' dir='ltr'>Marsyas,</span> <span class='ocrx_word' id='word_1_218' title='bbox 554 3331 735 3432; x_wconf 86' lang='lat' dir='ltr'>Ephippus,</span> <span class='ocrx_word' id='word_1_219' title='bbox 755 3332 919 3400; x_wconf 85' lang='lat' dir='ltr'>Eumenes</span> <span class='ocrx_word' id='word_1_220' title='bbox 938 3348 970 3399; x_wconf 90' lang='lat' dir='ltr'>et</span> <span class='ocrx_word' id='word_1_221' title='bbox 989 3331 1075 3400; x_wconf 88' lang='lat' dir='ltr'>Dio.</span> 
     </span>
     <span class='ocr_line' id='line_1_32' title="bbox 18 3433 1079 3528; baseline -0.007 -20"><span class='ocrx_word' id='word_1_222' title='bbox 18 3442 113 3525; x_wconf 89' lang='lat' dir='ltr'>dotus,</span> <span class='ocrx_word' id='word_1_223' title='bbox 127 3439 233 3507; x_wconf 87' lang='lat' dir='ltr'>Baeto</span> <span class='ocrx_word' id='word_1_224' title='bbox 252 3436 487 3528; x_wconf 89' lang='lat' dir='ltr'>etDiognetus.</span> <span class='ocrx_word' id='word_1_225' title='bbox 509 3435 640 3508; x_wconf 86' lang='lat' dir='ltr'>Deinde</span> <span class='ocrx_word' id='word_1_226' title='bbox 654 3449 719 3503; x_wconf 86' lang='lat' dir='ltr'>tres</span> <span class='ocrx_word' id='word_1_227' title='bbox 736 3434 940 3526; x_wconf 89' lang='lat' dir='ltr'>philosophi.</span> <span class='ocrx_word' id='word_1_228' title='bbox 962 3433 1079 3504; x_wconf 86' lang='lat' dir='ltr'>Callis·</span> 
     </span>
     <span class='ocr_line' id='line_1_33' title="bbox 18 3533 1092 3630; baseline -0.008 -20"><span class='ocrx_word' id='word_1_229' title='bbox 18 3550 141 3628; x_wconf 88' lang='lat' dir='ltr'>thenes,</span> <span class='ocrx_word' id='word_1_230' title='bbox 184 3539 379 3623; x_wconf 84' lang='lat' dir='ltr'>Clitarchus,</span> <span class='ocrx_word' id='word_1_231' title='bbox 428 3535 648 3604; x_wconf 83' lang='lat' dir='ltr'>Anaximenes</span> <span class='ocrx_word' id='word_1_232' title='bbox 684 3560 704 3602; x_wconf 88' lang='lat' dir='ltr'>a</span> <span class='ocrx_word' id='word_1_233' title='bbox 744 3535 877 3627; x_wconf 87' lang='lat' dir='ltr'>reliquis</span> <span class='ocrx_word' id='word_1_234' title='bbox 909 3533 1092 3630; x_wconf 81' lang='lat' dir='ltr'>scriptori-</span> 
     </span>
    </p>
   </div>
   <div class='ocr_carea' id='block_1_9' title="bbox 19 3596 1146 3734">
    <p class='ocr_par' dir='ltr' id='par_1_9' title="bbox 19 3596 1146 3734">
     <span class='ocr_line' id='line_1_34' title="bbox 19 3596 1146 3734; baseline -0.009 -22"><span class='ocrx_word' id='word_1_235' title='bbox 19 3649 71 3714; x_wconf 87' lang='lat' dir='ltr'>bus</span> <span class='ocrx_word' id='word_1_236' title='bbox 82 3596 141 3718; x_wconf 74' lang='grc' dir='ltr'>ιιι</span> <span class='ocrx_word' id='word_1_237' title='bbox 150 3643 286 3710; x_wconf 89' lang='lat' dir='ltr'>ducibus</span> <span class='ocrx_word' id='word_1_238' title='bbox 307 3644 361 3710; x_wconf 85' lang='lat' dir='ltr'>vel</span> <span class='ocrx_word' id='word_1_239' title='bbox 379 3639 536 3708; x_wconf 88' lang='lat' dir='ltr'>ministris</span> <span class='ocrx_word' id='word_1_240' title='bbox 555 3641 642 3726; x_wconf 85' lang='lat' dir='ltr'>regis</span> <span class='ocrx_word' id='word_1_241' title='bbox 656 3639 761 3732; x_wconf 91' lang='lat' dir='ltr'>probe</span> <span class='ocrx_word' id='word_1_242' title='bbox 773 3654 846 3705; x_wconf 81' lang='lat' dir='ltr'>sum</span> <span class='ocrx_word' id='word_1_243' title='bbox 860 3628 1078 3734; x_wconf 81' lang='lat' dir='ltr'>discernendi.</span> <span class='ocrx_word' id='word_1_244' title='bbox 1142 3694 1146 3702; x_wconf 76' lang='grc'><strong>,</strong></span> 
     </span>
    </p>
   </div>
   <div class='ocr_carea' id='block_1_10' title="bbox 20 3723 1079 3966">
    <p class='ocr_par' dir='ltr' id='par_1_10' title="bbox 20 3723 1079 3939">
     <span class='ocr_line' id='line_1_35' title="bbox 20 3723 1078 3859; baseline -0.008 -43"><span class='ocrx_word' id='word_1_245' title='bbox 20 3748 58 3816; x_wconf 89' lang='grc' dir='ltr'>Ηι</span> <span class='ocrx_word' id='word_1_246' title='bbox 78 3747 165 3815; x_wconf 89' lang='lat' dir='ltr'>enim</span> <span class='ocrx_word' id='word_1_247' title='bbox 201 3739 313 3816; x_wconf 79' lang='lat' dir='ltr'>omnes</span> <span class='ocrx_word' id='word_1_248' title='bbox 350 3757 450 3856; x_wconf 82' lang='lat' dir='ltr'>quum</span> <span class='ocrx_word' id='word_1_249' title='bbox 485 3741 667 3859; x_wconf 89' lang='lat' dir='ltr'>simplicem</span> <span class='ocrx_word' id='word_1_250' title='bbox 706 3739 814 3831; x_wconf 89' lang='lat' dir='ltr'>magis</span> <span class='ocrx_word' id='word_1_251' title='bbox 859 3755 891 3807; x_wconf 87' lang='lat' dir='ltr'>et</span> <span class='ocrx_word' id='word_1_252' title='bbox 925 3723 1078 3812; x_wconf 82' lang='lat' dir='ltr'>incultam</span> 
     </span>
     <span class='ocr_line' id='line_1_36' title="bbox 22 3840 1079 3966; baseline -0.003 -53"><span class='ocrx_word' id='word_1_253' title='bbox 22 3873 109 3939; x_wconf 89' lang='lat' dir='ltr'>quam</span> <span class='ocrx_word' id='word_1_254' title='bbox 138 3845 319 3936; x_wconf 87' lang='lat' dir='ltr'>elegantem</span> <span class='ocrx_word' id='word_1_255' title='bbox 352 3857 385 3910; x_wconf 89' lang='lat' dir='ltr'>et</span> <span class='ocrx_word' id='word_1_256' title='bbox 404 3842 591 3966; x_wconf 72' lang='lat' dir='ltr'>quaesitam</span> <span class='ocrx_word' id='word_1_257' title='bbox 626 3840 791 3908; x_wconf 88' lang='lat' dir='ltr'>scribendi</span> <span class='ocrx_word' id='word_1_258' title='bbox 813 3843 971 3911; x_wconf 87' lang='lat' dir='ltr'>rationem</span> <span class='ocrx_word' id='word_1_259' title='bbox 984 3867 1079 3910; x_wconf 88' lang='lat' dir='ltr'>usur-</span> 
     </span>
    </p>
   </div>
   <div class='ocr_carea' id='block_1_11' title="bbox 22 3946 1081 4042">
    <p class='ocr_par' dir='ltr' id='par_1_11' title="bbox 22 3946 1081 4042">
     <span class='ocr_line' id='line_1_37' title="bbox 22 3946 1081 4042; baseline -0.001 -25"><span class='ocrx_word' id='word_1_260' title='bbox 22 3975 107 4042; x_wconf 85' lang='lat' dir='ltr'>passe</span> <span class='ocrx_word' id='word_1_261' title='bbox 140 3950 330 4018; x_wconf 74' lang='lat' dir='ltr'>videantur:</span> <span class='ocrx_word' id='word_1_262' title='bbox 360 3947 539 4034; x_wconf 82' lang='lat' dir='ltr'>triumviri</span> <span class='ocrx_word' id='word_1_263' title='bbox 566 3946 641 4032; x_wconf 79' lang='lat' dir='ltr'>isti,</span> <span class='ocrx_word' id='word_1_264' title='bbox 677 3949 848 4017; x_wconf 87' lang='lat' dir='ltr'>rhetoricis</span> <span class='ocrx_word' id='word_1_265' title='bbox 869 3974 948 4016; x_wconf 88' lang='lat' dir='ltr'>suae</span> <span class='ocrx_word' id='word_1_266' title='bbox 969 3949 1081 4019; x_wconf 81' lang='lat' dir='ltr'>aetatis</span> 
     </span>
    </p>
   </div>
   <div class='ocr_carea' id='block_1_12' title="bbox 23 4047 1298 4204">
    <p class='ocr_par' dir='ltr' id='par_1_12' title="bbox 23 4047 1298 4204">
     <span class='ocr_line' id='line_1_38' title="bbox 23 4047 1166 4204; baseline -0.002 -86"><span class='ocrx_word' id='word_1_267' title='bbox 23 4053 132 4118; x_wconf 87' lang='lat' dir='ltr'>artibus</span> <span class='ocrx_word' id='word_1_268' title='bbox 154 4051 288 4204; x_wconf 78' lang='lat' dir='ltr'>egregie</span> <span class='ocrx_word' id='word_1_269' title='bbox 308 4049 484 4134; x_wconf 82' lang='lat' dir='ltr'>exercitati,</span> <span class='ocrx_word' id='word_1_270' title='bbox 504 4049 539 4116; x_wconf 94' lang='lat' dir='ltr'>in</span> <span class='ocrx_word' id='word_1_271' title='bbox 548 4047 734 4204; x_wconf 80' lang='lat' dir='ltr'>splendido</span> <span class='ocrx_word' id='word_1_272' title='bbox 759 4073 797 4115; x_wconf 88' lang='lat' dir='ltr'>ac</span> <span class='ocrx_word' id='word_1_273' title='bbox 820 4049 1020 4200; x_wconf 34' lang='lat' dir='ltr'>magnificoss</span> <span class='ocrx_word' id='word_1_274' title='bbox 1013 4071 1083 4116; x_wconf 86' lang='grc' dir='ltr'><strong>ιιι-</strong></span> <span class='ocrx_word' id='word_1_275' title='bbox 1162 4055 1166 4060; x_wconf 81' lang='grc'><em>’</em></span> 
     </span>
     <span class='ocr_line' id='line_1_39' title="bbox 1022 4163 1298 4200; baseline -0.013 0.479"><span class='ocrx_word' id='word_1_276' title='bbox 1022 4167 1076 4200; x_wconf 73' lang='lat' dir='ltr'>..s</span> <span class='ocrx_word' id='word_1_277' title='bbox 1195 4163 1298 4198; x_wconf 57' lang='grc' dir='ltr'><strong>Α</strong></span> 
     </span>
    </p>
   </div>
   <div class='ocr_carea' id='block_1_13' title="bbox 106 4152 870 4204">
    <p class='ocr_par' dir='ltr' id='par_1_13' title="bbox 106 4152 870 4204">
     <span class='ocr_line' id='line_1_40' title="bbox 106 4152 870 4204; baseline -0.003 0"><span class='ocrx_word' id='word_1_278' title='bbox 106 4179 120 4204; x_wconf 86' lang='grc' dir='ltr'>ι</span> <span class='ocrx_word' id='word_1_279' title='bbox 197 4177 289 4204; x_wconf 66' lang='lat' dir='ltr'>mnam</span> <span class='ocrx_word' id='word_1_280' title='bbox 329 4180 367 4204; x_wconf 74' lang='lat' dir='ltr'>nn</span> <span class='ocrx_word' id='word_1_281' title='bbox 406 4155 513 4204; x_wconf 71' lang='lat' dir='ltr'>nitran</span> <span class='ocrx_word' id='word_1_282' title='bbox 673 4155 783 4202; x_wconf 78' lang='lat' dir='ltr'>mim</span> <span class='ocrx_word' id='word_1_283' title='bbox 783 4152 870 4202; x_wconf 60' lang='lat' dir='ltr'>malm</span> 
     </span>
    </p>
   </div>
   <div class='ocr_carea' id='block_1_14' title="bbox 0 0 1337 4242">
    <p class='ocr_par' dir='ltr' id='par_1_14' title="bbox 0 0 1337 4242">
     <span class='ocr_line' id='line_1_41' title="bbox 0 0 1337 4242; baseline 0 0"><span class='ocrx_word' id='word_1_284' title='bbox 0 0 1337 4242; x_wconf 95' lang='lat' dir='ltr'> </span> 
     </span>
    </p>
   </div>
  </div>
 </body>
</html>
