2642 4242
512 137 733 195 ,-11-

69 317 236 397 φώνηκεν
264 316 457 397 ἐπιφώνημα
486 318 682 397 κατασβέσαι
712 318 771 395 τὴν
805 316 964 395 πυρκαϊὰν
993 316 1117 394 ἐκείνην
1141 316 1206 381 ὑπὸ

69 434 222 512 ψυχρίας
237 433 431 512 δυνάμενον·
453 433 583 511 εἰκότως
607 434 668 511 γὰρ
693 432 755 513 ἔφη
772 437 1032 512 καταφλεχθῆναι
1048 434 1106 497 τὸν
1123 434 1206 496 νεὼν

70 554 139 627 τῆς
165 548 346 628 Ἀρτέμιδος
370 548 615 627 ἀσχολουμένης
640 551 712 627 περὶ
740 551 799 627 τὴν
822 548 1031 627 Ἀλεξάνδρου
1062 549 1206 627 μαίωσιν.

190 663 245 725 Ex
268 663 321 742 iis,
358 680 448 744 quae
473 663 516 725 de
540 672 619 726 ortu
649 681 757 743 supra
785 663 993 741 invenimus,
1029 663 1205 725 erravisse

71 779 309 842 Plutarchum
348 780 564 860 temporibus
602 780 638 842 in
685 779 862 841 afferendo
897 778 1205 841 Hecatombaeone

71 895 185 960 facile
208 895 430 975 intellegitur.
469 896 631 976 quamvis
644 896 736 959 enim
748 895 1017 958 Atheniensium
1033 894 1206 957 mensium

72 1012 172 1074 situs
201 1011 316 1073 adhuc
349 1012 393 1074 sit
429 1011 564 1090 dubius
600 1012 636 1074 in
670 1029 828 1074 mensem
862 1020 981 1074 tamen
1016 1010 1206 1074 Octobrem

72 1126 236 1189 incidere
252 1144 431 1208 nunquam
446 1128 603 1207 potuisse
620 1136 760 1191 sextum
783 1128 876 1190 diem
887 1126 1205 1190 Hecatombaeonis

73 1260 147 1325 pro
182 1252 278 1306 certo
313 1243 513 1307 habendum
548 1252 610 1307 est.
659 1225 825 1323 quocirca
864 1242 1087 1306 refutandum
1121 1251 1206 1322 puto

73 1376 240 1422 mensem
263 1358 525 1448 Atheniensem.
545 1368 552 1393 ’
574 1358 793 1440 Droysenus,
824 1377 904 1422 cum
926 1368 1103 1422 mortuum
1126 1374 1206 1421 esse

76 1474 328 1538 Alexandrum
362 1474 503 1554 Daesi0,
543 1476 677 1539 vixisse
716 1494 827 1538 annos
865 1475 1009 1555 triginta
1048 1475 1136 1538 duos
1171 1483 1206 1536 et

75 1608 224 1655 menses
241 1600 320 1654 octo
337 1592 412 1654 sine
430 1592 534 1655 dubio
551 1591 813 1671 ephemeridum
829 1592 1007 1672 regiarum
1024 1601 1058 1654 et
1069 1590 1204 1653 Aristo-

74 1706 156 1770 buli
170 1708 230 1770 illo
253 1707 452 1771 testimonio
469 1709 614 1787 eluceat,
643 1708 909 1771 Macedonicum
925 1707 1030 1770 etiam
1047 1725 1204 1770 mensem

76 1824 209 1886 vitiose
234 1824 446 1903 appellatum
470 1842 549 1887 esse
573 1844 594 1887 a
617 1824 806 1887 Plutarcho
829 1824 888 1886 illo
911 1825 990 1887 loco
1014 1824 1204 1887 arbitratus

77 1957 155 2001 non
178 1937 262 2019 Lon,
287 1940 350 2002 sed
373 1939 441 2003 Dio
466 1949 580 2003 ortum
592 1940 788 2003 Alexandri
810 1941 931 2003 tribuit
943 1939 1081 2022 (Gesch.
1098 1939 1201 2003 Alex.

81 2056 114 2119 d.
132 2054 191 2119 Gr.
205 2054 236 2117 II
252 2056 338 2138 349).
374 2056 455 2118 huic
479 2067 596 2120 autem
619 2058 814 2120 sententiae
837 2074 882 2119 ne
899 2055 1091 2136 adstipuler
1106 2057 1203 2120 hisce

79 2172 271 2252 prohibeor
296 2172 420 2235 causis.
458 2162 682 2253 comparatur
694 2173 789 2235 Lous
814 2190 893 2235 cum
916 2190 1037 2235 mense
1053 2172 1203 2235 Boedro-

79 2288 199 2350 mione
234 2288 270 2351 in
306 2289 454 2369 epistola
488 2290 548 2351 illa
582 2289 732 2369 Philippi
765 2289 862 2369 regis
897 2289 932 2351 in
956 2289 1205 2352 Demosthenis

80 2403 240 2467 oratione
276 2422 340 2484 pro
376 2423 506 2467 corona
529 2406 686 2484 recitata,
722 2405 939 2468 ubidicitur
967 2409 999 2487 (ξ
1027 2405 1115 2486 157);
1147 2410 1205 2471 τοῦ

80 2523 262 2600 ἐνεστῶτος
298 2524 397 2600 μηνὸς
422 2523 523 2599 Λώου,
553 2524 597 2601 ὼς
632 2524 723 2601 ἡμεῖς
753 2522 881 2602 ἄγομεν,
911 2523 955 2600 ὡς
986 2523 1022 2586 δὲ
1045 2522 1206 2600 Ἀθηναῖοι

83 2640 340 2716 Βοηδρομιῶνος,
375 2638 420 2715 ὡς
457 2640 491 2702 δὲ
528 2640 686 2717 Κορίνθιοι
718 2639 881 2718 Πανέμου.
918 2637 1079 2717 quamvis
1114 2636 1206 2699 hanc

82 2751 267 2831 epistolam
295 2752 513 2832 suppositam
541 2770 620 2816 esse
644 2754 735 2816 inter
758 2771 880 2816 omnes
905 2761 1051 2832 constet,
1086 2761 1205 2815 tamen

81 2867 152 2945 illa,
177 2884 267 2948 quae
280 2868 411 2948 scripta
423 2878 505 2931 sunt
521 2869 563 2931 de
580 2870 760 2932 mensibus
776 2888 855 2933 esse
872 2869 1012 2931 omnino
1028 2868 1204 2931 reicienda
1309 2881 1313 2891 ’

86 3024 123 3032 -
155 2984 190 3045 id
225 2984 318 3063 quod
353 2986 429 3047 vult
463 2982 672 3065 Droysenus
699 3026 736 3033 -
763 2971 903 3048 minime
927 2985 1091 3047 concedo.
1134 3002 1204 3047 non

83 3117 222 3179 semper
257 3100 397 3180 quidem
431 3100 679 3164 Boedromioni
714 3101 810 3165 Lous
844 3100 1034 3181 respondit,
1084 3102 1204 3163 tabula

82 3216 142 3278 illa
165 3214 291 3278 Ideleri
314 3220 382 3299 (pg.
402 3218 433 3298 6)
458 3234 527 3297 qua
552 3227 800 3297 comparantur
823 3236 963 3280 menses
986 3216 1204 3280 Macedonici

85 3348 163 3394 cum
174 3330 449 3395 Atheniensibus
473 3332 559 3395 satis
575 3334 713 3396 firmata
730 3343 792 3397 est.
839 3328 1071 3397 Macedonum
1087 3341 1204 3395 autem

85 3448 193 3515 fastos
228 3448 296 3510 illis
331 3449 546 3528 temporibus
581 3467 652 3512 non
685 3451 734 3512 ita
762 3450 831 3513 fixe
860 3450 969 3512 fuisse
1004 3448 1202 3528 dispositos
1304 3424 1307 3434 ¹

84 3563 255 3626 mensium
278 3564 436 3627 ordinem
456 3582 501 3627 ex
517 3565 661 3629 arbitrio
678 3585 700 3628 a
715 3567 859 3647 regibus
875 3566 1016 3646 saepius
1032 3573 1204 3627 mutatum
1224 3607 1226 3613 ,

86 3697 162 3743 esse
185 3678 286 3742 testis
308 3680 513 3759 producitur
535 3681 746 3745 Plutarchus
770 3687 814 3764 (v.
839 3680 882 3744 A.
911 3682 964 3763 163
989 3680 1052 3763 25).
1097 3667 1103 3683 '

190 3796 436 3876 Quamobrem,
467 3814 546 3859 curn
574 3774 729 3861 incidere
758 3798 914 3877 potuisse
944 3806 1084 3860 sextum
1111 3798 1203 3859 diem

87 3911 149 3974 Loi
198 3911 234 3974 in
284 3930 441 3975 mensem
487 3912 676 3976 Octobrem
720 3912 871 3992 Philippi
915 3913 1063 3993 epistola
1107 3923 1203 3976 certe
1235 3932 1245 3949 ·

89 4030 130 4092 sit
154 4030 429 4113 comprobatum,
459 4029 637 4109 Hegesiae
661 4030 838 4109 Magnetis
867 4030 1104 4093 testimonium
1133 4048 1203 4093 non
