2642 4242
572 105 747 158 ..23-

89 282 214 346 inesse
238 283 310 345 vim
333 299 434 362 nego,
458 300 542 344 nam
565 300 653 344 voce
678 285 766 361 beili]
789 281 885 344 haud
900 297 982 344 raro
997 283 1016 362 ἡ
1034 284 1106 361 περὶ
1127 283 1221 347 δύσιν

88 399 191 478 ἡλίου
214 398 440 478 significatur.
467 415 547 460 cum
571 406 689 462 autem
711 396 915 461 Alexander
931 397 991 459 diu
1007 397 1221 460 semianimis

89 515 274 594 iacuisset,
310 514 353 576 de
382 513 469 576 hora
498 515 556 576 vel
586 514 628 576 de
658 515 767 576 horae
795 521 895 594 parte
925 530 995 594 qua
1024 520 1221 577 extremum
1319 492 1320 495 Ἴ

90 630 259 710 spiritum
288 629 458 710 effuderit,
487 631 608 693 variae
637 631 674 692 in
702 630 855 693 medium
883 630 1032 710 proferri
1059 638 1222 711 poterant

90 747 289 826 opiniones.
337 756 410 810 toto
440 747 495 810 die
525 747 665 810 differre
694 764 765 809 non
792 755 963 827 poterant.
1010 747 1221 826 quicumque

90 863 133 925 in
157 880 215 924 res
239 872 360 942 gestas
376 862 580 944 inquisierit,
604 861 849 926 Aristobulum
865 862 908 924 de
924 862 1047 926 mortis
1062 870 1222 942 tempore

90 996 245 1058 prorsus
275 996 413 1042 errasse
442 997 512 1041 non
543 979 671 1042 credet.
719 996 785 1044 nec
819 979 946 1042 mirum
981 979 1013 1041 ei
1046 978 1222 1042 videbitur

91 1094 193 1176 quod
221 1094 326 1157 homo
356 1094 515 1157 Graecus
544 1095 777 1158 Macedonum
811 1094 922 1160 fastos
952 1103 1094 1158 secutus
1123 1112 1221 1158 more

91 1211 238 1274 Graeco
262 1210 397 1274 dierum
419 1211 517 1274 initia
540 1211 793 1274 observaverit.
841 1223 927 1275 sane
957 1211 1123 1275 traditum
1151 1228 1221 1273 non

91 1336 153 1390 est
176 1336 295 1389 utrum
310 1326 462 1390 Daesius
486 1345 596 1390 cavus
612 1327 718 1391 suerit
733 1346 780 1391 an
794 1329 928 1408 plenus.
970 1344 1097 1390 cavum
1112 1326 1221 1390 fuisse

91 1443 294 1506 Aristobuli
318 1445 522 1523 comprobat
545 1445 746 1507 auctoritas,
783 1443 924 1506 omnino
939 1462 985 1507 ne
1000 1444 1128 1523 longus
1144 1441 1220 1522 sim,

92 1560 327 1623 adversarius
350 1577 421 1623 non
444 1559 588 1640 Ungero
613 1561 676 1624 sed
699 1559 904 1624 Aristobulo
929 1576 1073 1622 causam
1096 1557 1220 1636 intulit,
1319 1582 1320 1587 ¹

92 1675 204 1756 aequi
232 1676 365 1752 iudices
394 1693 494 1739 reum
523 1676 624 1764 iacile
655 1677 850 1755 absolvent,
885 1675 1068 1756 Ungerum
1091 1675 1221 1755 optime

91 1810 287 1874 perorasse
311 1793 513 1858 censebunt.

405 2163 477 2240 IV.
520 2165 588 2238 De
616 2163 729 2258 regis
758 2171 913 2237 aetate.

205 2373 400 2436 Alexandri
423 2382 522 2436 aetas
546 2383 584 2436 ut
608 2374 734 2436 melius
763 2373 1004 2453 perspiciatur,
1040 2373 1140 2435 varia
1163 2390 1220 2434 ve-

92 2502 212 2554 terum
258 2490 468 2570 scriptorum
513 2490 713 2553 testimonia
752 2470 791 2552 in¹
838 2490 1005 2552 iudicium
1049 2497 1221 2552 vocentur

94 2623 299 2686 eorumque,
313 2614 482 2688 quantum
494 2605 569 2668 fieri
584 2615 711 2687 potest,
725 2606 947 2669 declarentur
963 2606 1086 2668 fontes.
1104 2605 1218 2668 videa-

94 2741 177 2786 mus
200 2723 317 2803 igitur,
348 2730 433 2803 quot
456 2723 538 2785 anni
562 2733 596 2786 et
620 2740 761 2785 menses
784 2723 862 2802 regi
885 2723 1005 2784 tributi
1028 2721 1106 2784 sint.
1143 2739 1220 2800 gra-

94 2839 243 2902 vissimo
278 2838 328 2901 illi
361 2838 556 2903 Aristobuli
592 2848 810 2918 argumento,
846 2856 915 2919 quo
932 2909 934 2912 y
951 2837 1109 2900 attribuit
1143 2838 1221 2917 regi

95 2955 242 3036 triginta
265 2954 354 3018 duos
378 2973 499 3033 annos,
523 2972 664 3017 menses
689 2963 778 3033 octo,
802 2953 907 3018 fidem
927 2972 1006 3017 esse
1023 2953 1221 3020 addendam

95 3073 140 3136 iis
164 3088 254 3152 quae
278 3079 353 3135 tota
368 3070 435 3134 hac
452 3070 687 3151 disputatione
704 3079 785 3133 sunt
802 3071 995 3151 composita
1012 3070 1219 3133 testimoniis
1319 3046 1320 3049 Ἴ

96 3188 364 3266 comprobatum
403 3195 466 3249 est.
500 3185 707 3249 Aristobulo
745 3204 832 3249 vero
876 3188 1017 3249 obstare
1056 3186 1220 3248 videntur

96 3303 275 3368 Diodorus
311 3311 345 3365 et
379 3301 562 3366 Eusebius.
612 3302 695 3365 dicit
730 3304 823 3365 enim
846 3302 904 3364 ille
928 3301 1040 3383 (XVII
1069 3303 1140 3380 117,
1170 3305 1218 3383 5):

86 3420 195 3499 οὗτος
225 3423 282 3500 μὲν
298 3419 371 3487 οὖν
398 3423 456 3485 τὸν
485 3421 717 3500 προειρημένον
745 3421 869 3499 τρόπον
903 3419 1091 3498 ἐτελεύτησε
1132 3424 1220 3498 βασι·
1311 3410 1316 3421 '

97 3535 218 3615 λεύσας
253 3536 307 3614 ἔτη
343 3537 467 3601 δώδεκα
502 3539 553 3601 καὶ
588 3541 689 3616 μῆνας
725 3536 813 3601 ἑπτά.
858 3552 922 3614 per
955 3514 1048 3595 idem
1082 3542 1221 3612 tempus

95 3668 247 3732 regnum
285 3651 477 3714 obtinuisse
516 3650 760 3714 Alexandrum
805 3650 907 3714 testis
953 3658 1007 3712 est
1046 3649 1220 3712 Eusebius

96 3768 228 3851 (chron.
265 3768 280 3831 Ι
319 3768 380 3831 169
420 3766 602 3849 Schoene).
661 3767 759 3829 nihili
798 3783 877 3828 esse
916 3765 1115 3827 faciendum
1152 3764 1220 3827 hoc

96 3883 245 3948 Diodori
267 3892 515 3963 ¹argumentum
537 3892 636 3946 ratus
652 3881 861 3964 Droysenus
885 3881 928 3944 de
952 3882 1050 3945 falsis
1065 3881 1220 3944 numeris

96 4002 148 4064 ita
170 3999 338 4092 iudicavit
362 3999 415 4081 (G.
433 3999 475 4062 A.
495 3999 525 4062 d.
545 3999 604 4062 Gr.
622 3997 653 4063 ΙΙ
677 4000 769 4082 349);
794 3999 868 4089 Der
892 3998 1071 4061 Autoritat
1086 3997 1219 4060 Aristo-
