2642 4242
549 173 724 228 „21-

67 370 184 432 supra
208 353 408 416 citavimus:
437 353 626 431 ἐτελεύτησε
650 355 686 417 οὲ
709 355 810 432 μηνὸς
833 352 1015 432 Ἀπριλλίου
1038 356 1201 436 νεομηνία,

67 471 201 548 δύσεως
237 469 339 550 οὔσης
374 473 431 535 τού
466 470 558 548 ἡλίου
606 471 657 533 καὶ
691 469 855 546 ἐκάλησαν
888 470 947 547 τὴν
986 469 1108 549 ἡμέραν
1142 475 1199 549 τῆς

66 591 225 665 τελευτῆς
256 587 355 651 αὐτοῦ
380 586 552 665 νεομηνίαν
561 587 583 665 ¹)
619 586 672 653 διὰ
695 586 754 650 τὸν
777 584 988 664 Ἀλέξανδρον
1011 586 1087 652 νέον
1115 607 1199 652 τετε-

67 703 300 782 λευτηκέναιί).
609 695 613 703 ’

182 817 246 880 His
270 836 315 880 ex
339 817 458 882 verbis
481 833 604 898 regem
627 816 720 879 diem
740 833 944 897 supremum
967 816 1097 880 obiisse
1120 835 1201 881 cum

68 942 171 997 esset
194 937 344 1014 νεομηνία
368 933 601 1014 cognoscitur.
631 941 773 997 veteres
789 933 1014 1013 appellabant
1029 935 1201 1014 νεομηνίαν

68 1067 157 1112 eum
191 1049 283 1112 diem
318 1067 387 1130 quo
432 1067 547 1112 novae
582 1051 687 1112 lunae
733 1048 885 1112 circulus
932 1048 1046 1112 denuo
1085 1057 1201 1130 potest

69 1165 241 1246 conspici,
277 1165 367 1230 sicut
398 1166 538 1246 scripsit
567 1175 791 1229 astronomus
821 1164 991 1228 Geminus
1020 1166 1119 1247 (isag.
1151 1168 1199 1247 5):

69 1285 108 1347 ἐν
133 1284 154 1366 ᾗ
178 1285 235 1361 μὲν
258 1282 318 1348 οὖν
340 1284 443 1367 ἡμέρᾳ
465 1285 523 1348 νέα
545 1284 565 1363 ἡ
589 1285 711 1362 σελήνη
734 1285 883 1364 φαίνεται
895 1284 975 1348 κατὰ
995 1287 1200 1365 συναλοιφὴν

69 1401 228 1478 νεομηνία
251 1400 506 1479 προσηγορεύθη,
542 1416 632 1479 quae
656 1415 737 1461 cum
771 1399 821 1462 ita
855 1398 925 1461 sint
959 1398 1090 1478 optimo
1125 1398 1200 1460 iure

70 1513 148 1576 Iun.
179 1514 216 1576 13
241 1514 322 1578 anni
346 1513 410 1577 323
440 1533 462 1576 a
490 1515 671 1578 veteribus
699 1515 891 1595 significari
913 1514 1071 1594 potuisse
1094 1532 1198 1576 voce:

70 1633 263 1711 ,,νεομηνία“
286 1647 331 1692 ex
354 1630 432 1710 illis,
458 1647 548 1711 quae
565 1629 836 1694 Schoenseldum
854 1638 1077 1710 computasse
1093 1647 1201 1710 supra

71 1746 282 1826 scripsimus
312 1746 399 1809 satis
428 1746 578 1809 dilucide
609 1746 878 1810 demonstratur.
914 1754 954 1808 ut
976 1746 1084 1826 igitur
1108 1764 1199 1827 quae

71 1863 117 1924 de
144 1862 239 1942 regis
264 1862 359 1925 exitu
383 1871 465 1925 sunt
487 1871 629 1943 reperta
652 1862 775 1942 paucis
799 1863 1023 1941 complectar,
1047 1862 1198 1925 Pseudo-

72 1978 303 2041 Callisthenis
337 1979 534 2042 testimonio
569 1979 618 2042 ita
658 1978 812 2042 stabilito
857 1978 953 2040 nulla
992 1979 1199 2060 interposita

73 2093 292 2158 dubitatione
321 2103 470 2158 mortem
499 2095 694 2159 Alexandri
722 2095 825 2158 nobis
854 2112 933 2158 esse
957 2094 1199 2158 collocandam

72 2212 109 2275 in
134 2209 207 2274 Iun.
236 2211 275 2274 13
299 2211 381 2274 anni
404 2210 469 2274 323
492 2229 702 2291 persuasum
724 2211 847 2275 habeo

183 2327 248 2390 His
261 2327 440 2408 expositis,
464 2345 535 2390 non
547 2328 596 2390 ita
619 2328 709 2391 bene
721 2337 806 2390 tunc
818 2345 897 2390 esse
914 2327 1198 2392 accommodatos

72 2445 120 2507 ad
157 2444 327 2507 coelestes
362 2453 478 2506 motus
512 2443 819 2506 Macedonicorum
853 2443 1024 2507 fastorum
1058 2461 1199 2508 menses

72 2560 302 2639 intellegitur3
340 2577 423 2622 nam
457 2560 625 2623 vicesimo
661 2569 787 2623 octavo
823 2560 879 2622 die
914 2559 1035 2622 Daesii
1071 2577 1089 2621 e
1124 2559 1199 2622 vita

72 2675 286 2756 migravisse
315 2674 559 2740 Alexandrum
588 2676 842 2758 ephemerides,
878 2693 1027 2756 quarum
1057 2675 1099 2738 de
1129 2674 1198 2738 fide

72 2792 235 2856 dubitare
270 2792 454 2872 nonlicet,
490 2792 719 2871 tradiderunt,
755 2792 859 2871 unde,
894 2801 933 2854 ut
968 2792 1104 2855 duobus
1139 2793 1199 2854 vel

72 2909 187 2970 tribus
216 2907 338 2971 diebus
362 2926 501 2971 menses
526 2908 781 2989 discrepuerint
804 2927 825 2971 a
849 2909 952 2972 lunae
976 2907 1197 2971 revolutioni-

72 3026 142 3087 bus
159 3023 315 3087 esficitur.
353 3023 578 3088 Aristobulus
595 3024 810 3088 tricesimum
827 3024 919 3086 diem
931 3023 1053 3087 Daesii
1069 3023 1197 3104 ascrip-

73 3141 136 3221 sit;
166 3148 286 3219 restat,
316 3148 355 3202 ut
380 3140 463 3220 quid
487 3140 530 3203 de
554 3140 622 3203 hac
646 3141 883 3220 discrepantia
907 3141 1107 3204 censuerint
1130 3140 1197 3202 viri

74 3255 170 3318 docti
193 3273 376 3336 exponam.

182 3371 434 3451 Ephemerides
457 3373 524 3436 fide
549 3372 774 3454 dignissimas
799 3381 833 3436 et
856 3373 1099 3437 Aristobulum
1121 3390 1197 3453 pro·
1303 3431 1306 3440 .

74 3487 296 3551 batissimum
319 3487 516 3552 Alexandri
550 3507 669 3552 rerum
703 3499 885 3570 gestarum
920 3489 1128 3568 scriptorem
1161 3489 1198 3550 in

75 3603 306 3667 describenda
335 3605 430 3686 regis
458 3614 572 3668 morte
600 3605 691 3668 inter
726 3624 764 3668 se
800 3605 938 3668 differre
967 3623 1038 3666 non
1062 3604 1198 3668 duobus

184 3899 209 3964 1)
228 3899 412 3968 ,νεομαχίαν“
438 3902 555 3954 scribunt
578 3903 680 3953 codices
698 3903 752 3968 BC,
774 3918 853 3969 quam
880 3919 972 3952 vocem
1000 3919 1015 3952 a
1039 3903 1123 3953 scriba
1140 3903 1199 3951 rudi

77 4013 135 4048 esse
154 4005 300 4064 corruptam
320 4015 351 4049 ex
371 3999 553 4066 „usopnviw
574 4001 747 4052 clarissimum
765 4010 813 4053 est.

183 4094 211 4167 2)
231 4099 314 4148 codex
332 4101 360 4150 A
377 4099 428 4150 hoc
445 4099 505 4150 loco
524 4099 727 4167 interrumpitur.
