<?xml version="1.0" encoding="UTF-8"?>
<!DOCTYPE html PUBLIC "-//W3C//DTD XHTML 1.0 Transitional//EN"
    "http://www.w3.org/TR/xhtml1/DTD/xhtml1-transitional.dtd">
<html xmlns="http://www.w3.org/1999/xhtml" xml:lang="en" lang="en">
 <head>
  <title>
</title>
<meta http-equiv="Content-Type" content="text/html;charset=utf-8" />
  <meta name='ocr-system' content='tesseract 3.04.00' />
  <meta name='ocr-capabilities' content='ocr_page ocr_carea ocr_par ocr_line ocrx_word'/>
</head>
<body>
  <div class='ocr_page' id='page_1' title='image "./commentationisd00geiegoog_0239.png"; bbox 0 0 2642 4242; ppageno 0'>
   <div class='ocr_carea' id='block_1_1' title="bbox 166 693 1077 833">
    <p class='ocr_par' dir='ltr' id='par_1_1' title="bbox 166 693 1077 833">
     <span class='ocr_line' id='line_1_1' title="bbox 166 693 1077 833; baseline -0.002 -2"><span class='ocrx_word' id='word_1_1' title='bbox 166 799 168 804; x_wconf 25' lang='grc' dir='ltr'>ψ</span> <span class='ocrx_word' id='word_1_2' title='bbox 250 747 588 833; x_wconf 78' lang='lat' dir='ltr'>sauraurma</span> <span class='ocrx_word' id='word_1_3' title='bbox 623 693 1077 833; x_wconf 75' lang='lat' dir='ltr'>couraovaasaa</span> 
     </span>
    </p>
   </div>
   <div class='ocr_carea' id='block_1_2' title="bbox 648 995 672 1058">
    <p class='ocr_par' dir='ltr' id='par_1_2' title="bbox 648 995 672 1058">
     <span class='ocr_line' id='line_1_2' title="bbox 648 995 672 1058; baseline 0 0"><span class='ocrx_word' id='word_1_4' title='bbox 648 995 672 1058; x_wconf 91' lang='grc' dir='ltr'>Ι.</span> 
     </span>
    </p>
   </div>
   <div class='ocr_carea' id='block_1_3' title="bbox 86 1138 1219 1436">
    <p class='ocr_par' dir='ltr' id='par_1_3' title="bbox 86 1138 1219 1436">
     <span class='ocr_line' id='line_1_3' title="bbox 204 1138 1219 1220; baseline 0 -18"><span class='ocrx_word' id='word_1_5' title='bbox 204 1139 313 1220; x_wconf 84' lang='lat' dir='ltr'>lphig.</span> <span class='ocrx_word' id='word_1_6' title='bbox 339 1138 454 1202; x_wconf 89' lang='lat' dir='ltr'>Aulid.</span> <span class='ocrx_word' id='word_1_7' title='bbox 481 1139 657 1205; x_wconf 74' lang='grc'>919-974</span> <span class='ocrx_word' id='word_1_8' title='bbox 681 1139 717 1201; x_wconf 89' lang='lat' dir='ltr'>in</span> <span class='ocrx_word' id='word_1_9' title='bbox 740 1139 898 1202; x_wconf 89' lang='lat' dir='ltr'>oratione</span> <span class='ocrx_word' id='word_1_10' title='bbox 918 1138 1173 1218; x_wconf 85' lang='lat' dir='ltr'>Achillisinde</span> <span class='ocrx_word' id='word_1_11' title='bbox 1197 1159 1219 1202; x_wconf 89' lang='lat' dir='ltr'>a</span> 
     </span>
     <span class='ocr_line' id='line_1_4' title="bbox 86 1255 1219 1337; baseline 0 -18"><span class='ocrx_word' id='word_1_12' title='bbox 86 1273 205 1319; x_wconf 90' lang='lat' dir='ltr'>versu</span> <span class='ocrx_word' id='word_1_13' title='bbox 228 1256 292 1319; x_wconf 83' lang='grc'>943</span> <span class='ocrx_word' id='word_1_14' title='bbox 316 1257 377 1318; x_wconf 89' lang='lat' dir='ltr'>vix</span> <span class='ocrx_word' id='word_1_15' title='bbox 401 1255 591 1337; x_wconf 82' lang='lat' dir='ltr'>quidquam</span> <span class='ocrx_word' id='word_1_16' title='bbox 606 1255 783 1335; x_wconf 86' lang='lat' dir='ltr'>Euripidis</span> <span class='ocrx_word' id='word_1_17' title='bbox 807 1264 861 1319; x_wconf 92' lang='lat' dir='ltr'>est</span> <span class='ocrx_word' id='word_1_18' title='bbox 883 1257 1040 1335; x_wconf 85' lang='lat' dir='ltr'>exceptis</span> <span class='ocrx_word' id='word_1_19' title='bbox 1056 1256 1219 1320; x_wconf 81' lang='lat' dir='ltr'>versibus</span> 
     </span>
     <span class='ocr_line' id='line_1_5' title="bbox 89 1372 284 1436; baseline -0.01 0"><span class='ocrx_word' id='word_1_20' title='bbox 89 1372 284 1436; x_wconf 83' lang='grc'>948-950.</span> 
     </span>
    </p>
   </div>
   <div class='ocr_carea' id='block_1_4' title="bbox 639 1514 679 1578">
    <p class='ocr_par' dir='ltr' id='par_1_4' title="bbox 639 1514 679 1578">
     <span class='ocr_line' id='line_1_6' title="bbox 639 1514 679 1578; baseline 0.025 -1"><span class='ocrx_word' id='word_1_21' title='bbox 639 1514 679 1578; x_wconf 90' lang='grc' dir='ltr'>ΙΙ.</span> 
     </span>
    </p>
   </div>
   <div class='ocr_carea' id='block_1_5' title="bbox 105 1657 1221 2210">
    <p class='ocr_par' dir='ltr' id='par_1_5' title="bbox 105 1657 1221 2210">
     <span class='ocr_line' id='line_1_7' title="bbox 207 1657 738 1744; baseline 0 -24"><span class='ocrx_word' id='word_1_22' title='bbox 207 1657 388 1738; x_wconf 87' lang='lat' dir='ltr'>Theognis</span> <span class='ocrx_word' id='word_1_23' title='bbox 411 1677 444 1722; x_wconf 85' lang='lat' dir='ltr'>v.</span> <span class='ocrx_word' id='word_1_24' title='bbox 474 1659 574 1744; x_wconf 65' lang='lat' dir='ltr'>153J4</span> <span class='ocrx_word' id='word_1_25' title='bbox 598 1658 738 1741; x_wconf 81' lang='lat' dir='ltr'>(Bergk)</span> 
     </span>
     <span class='ocr_line' id='line_1_8' title="bbox 314 1775 1221 1863; baseline 0.002 -23"><span class='ocrx_word' id='word_1_26' title='bbox 314 1777 416 1841; x_wconf 85' lang='grc' dir='ltr'>Ῐίκτει</span> <span class='ocrx_word' id='word_1_27' title='bbox 438 1797 488 1841; x_wconf 90' lang='grc' dir='ltr'>τοι</span> <span class='ocrx_word' id='word_1_28' title='bbox 512 1778 608 1856; x_wconf 83' lang='grc' dir='ltr'>κόρος</span> <span class='ocrx_word' id='word_1_29' title='bbox 631 1775 732 1857; x_wconf 85' lang='grc' dir='ltr'>ὕβριν,</span> <span class='ocrx_word' id='word_1_30' title='bbox 771 1776 850 1841; x_wconf 85' lang='grc' dir='ltr'>ὅταν</span> <span class='ocrx_word' id='word_1_31' title='bbox 873 1783 959 1863; x_wconf 88' lang='grc' dir='ltr'>κακῷ</span> <span class='ocrx_word' id='word_1_32' title='bbox 986 1777 1085 1858; x_wconf 85' lang='grc' dir='ltr'>ὄλβος</span> <span class='ocrx_word' id='word_1_33' title='bbox 1108 1778 1221 1858; x_wconf 85' lang='grc' dir='ltr'>ἕπηται</span> 
     </span>
     <span class='ocr_line' id='line_1_9' title="bbox 313 1891 1026 1979; baseline 0.003 -23"><span class='ocrx_word' id='word_1_34' title='bbox 313 1891 495 1978; x_wconf 86' lang='grc' dir='ltr'>Ἀνθρώπῳ,</span> <span class='ocrx_word' id='word_1_35' title='bbox 519 1895 570 1957; x_wconf 85' lang='grc' dir='ltr'>καὶ</span> <span class='ocrx_word' id='word_1_36' title='bbox 594 1892 659 1978; x_wconf 85' lang='grc' dir='ltr'>ὅτῳ</span> <span class='ocrx_word' id='word_1_37' title='bbox 684 1895 724 1973; x_wconf 83' lang='grc' dir='ltr'>μὴ</span> <span class='ocrx_word' id='word_1_38' title='bbox 748 1893 826 1971; x_wconf 86' lang='grc' dir='ltr'>νόος</span> <span class='ocrx_word' id='word_1_39' title='bbox 850 1893 960 1973; x_wconf 85' lang='grc' dir='ltr'>ἄρτιος</span> <span class='ocrx_word' id='word_1_40' title='bbox 983 1894 1026 1979; x_wconf 68' lang='lat' dir='ltr'>fi?</span> 
     </span>
     <span class='ocr_line' id='line_1_10' title="bbox 105 1986 974 2088; baseline 0.001 -17"><span class='ocrx_word' id='word_1_41' title='bbox 105 1986 112 2002; x_wconf 56' lang='lat'>⁸</span> <span class='ocrx_word' id='word_1_42' title='bbox 207 2006 291 2071; x_wconf 90' lang='lat' dir='ltr'>Cod.</span> <span class='ocrx_word' id='word_1_43' title='bbox 316 2009 369 2074; x_wconf 93' lang='grc' dir='ltr'>ΑΟ</span> <span class='ocrx_word' id='word_1_44' title='bbox 392 2008 582 2088; x_wconf 86' lang='grc' dir='ltr'>ἀνθρώπων.</span> <span class='ocrx_word' id='word_1_45' title='bbox 627 2008 852 2071; x_wconf 81' lang='lat' dir='ltr'>scribendum</span> <span class='ocrx_word' id='word_1_46' title='bbox 874 2017 974 2088; x_wconf 91' lang='lat' dir='ltr'>puto:</span> 
     </span>
     <span class='ocr_line' id='line_1_11' title="bbox 314 2125 886 2210; baseline 0 -20"><span class='ocrx_word' id='word_1_47' title='bbox 314 2125 508 2206; x_wconf 83' lang='grc' dir='ltr'>Ἀνθρώπων</span> <span class='ocrx_word' id='word_1_48' title='bbox 531 2127 567 2190; x_wconf 86' lang='grc' dir='ltr'>ἐν</span> <span class='ocrx_word' id='word_1_49' title='bbox 591 2125 656 2210; x_wconf 82' lang='grc' dir='ltr'>ὅτῳ</span> <span class='ocrx_word' id='word_1_50' title='bbox 680 2130 744 2190; x_wconf 85' lang='grc' dir='ltr'>κτλ.</span> <span class='ocrx_word' id='word_1_51' title='bbox 884 2166 886 2172; x_wconf 92' lang='lat'>·</span> 
     </span>
    </p>
   </div>
   <div class='ocr_carea' id='block_1_6' title="bbox 633 2345 689 2408">
    <p class='ocr_par' dir='ltr' id='par_1_6' title="bbox 633 2345 689 2408">
     <span class='ocr_line' id='line_1_12' title="bbox 633 2345 689 2408; baseline 0 0"><span class='ocrx_word' id='word_1_52' title='bbox 633 2345 689 2408; x_wconf 89' lang='lat' dir='ltr'>HI.</span> 
     </span>
    </p>
   </div>
   <div class='ocr_carea' id='block_1_7' title="bbox 92 2486 1221 2918">
    <p class='ocr_par' dir='ltr' id='par_1_7' title="bbox 92 2486 1221 2918">
     <span class='ocr_line' id='line_1_13' title="bbox 208 2486 1220 2572; baseline 0.004 -21"><span class='ocrx_word' id='word_1_53' title='bbox 208 2486 332 2551; x_wconf 87' lang='lat' dir='ltr'>Cicero</span> <span class='ocrx_word' id='word_1_54' title='bbox 362 2487 405 2551; x_wconf 89' lang='lat' dir='ltr'>de</span> <span class='ocrx_word' id='word_1_55' title='bbox 434 2489 526 2570; x_wconf 80' lang='lat' dir='ltr'>legg.</span> <span class='ocrx_word' id='word_1_56' title='bbox 552 2487 567 2552; x_wconf 96' lang='grc' dir='ltr'><strong>Ι</strong></span> <span class='ocrx_word' id='word_1_57' title='bbox 591 2507 619 2552; x_wconf 92' lang='lat' dir='ltr'>c.</span> <span class='ocrx_word' id='word_1_58' title='bbox 649 2490 688 2552; x_wconf 88' lang='lat'>12</span> <span class='ocrx_word' id='word_1_59' title='bbox 711 2507 744 2570; x_wconf 92' lang='lat' dir='ltr'>p.</span> <span class='ocrx_word' id='word_1_60' title='bbox 770 2489 813 2554; x_wconf 88' lang='grc'>33</span> <span class='ocrx_word' id='word_1_61' title='bbox 841 2491 1014 2569; x_wconf 79' lang='lat' dir='ltr'>lacunam,</span> <span class='ocrx_word' id='word_1_62' title='bbox 1046 2509 1090 2553; x_wconf 88' lang='lat' dir='ltr'>ex</span> <span class='ocrx_word' id='word_1_63' title='bbox 1119 2500 1220 2572; x_wconf 86' lang='lat' dir='ltr'>parte</span> 
     </span>
     <span class='ocr_line' id='line_1_14' title="bbox 92 2603 1221 2688; baseline 0.003 -20"><span class='ocrx_word' id='word_1_64' title='bbox 92 2603 302 2668; x_wconf 89' lang='lat' dir='ltr'>Vahlenum</span> <span class='ocrx_word' id='word_1_65' title='bbox 326 2612 480 2684; x_wconf 78' lang='lat' dir='ltr'>secutuS,</span> <span class='ocrx_word' id='word_1_66' title='bbox 516 2605 568 2668; x_wconf 87' lang='lat' dir='ltr'>sic</span> <span class='ocrx_word' id='word_1_67' title='bbox 591 2606 802 2686; x_wconf 84' lang='lat' dir='ltr'>explendam</span> <span class='ocrx_word' id='word_1_68' title='bbox 832 2624 911 2669; x_wconf 90' lang='lat' dir='ltr'>esse</span> <span class='ocrx_word' id='word_1_69' title='bbox 940 2607 1090 2670; x_wconf 86' lang='lat' dir='ltr'>conicio:</span> <span class='ocrx_word' id='word_1_70' title='bbox 1127 2607 1221 2688; x_wconf 90' lang='lat' dir='ltr'>quod</span> 
     </span>
     <span class='ocr_line' id='line_1_15' title="bbox 93 2719 1221 2804; baseline 0.003 -20"><span class='ocrx_word' id='word_1_71' title='bbox 93 2721 216 2784; x_wconf 88' lang='lat' dir='ltr'>dicam</span> <span class='ocrx_word' id='word_1_72' title='bbox 239 2728 402 2784; x_wconf 88' lang='lat' dir='ltr'>naturam</span> <span class='ocrx_word' id='word_1_73' title='bbox 424 2719 636 2802; x_wconf 87' lang='lat' dir='ltr'>&lt;ingenitum</span> <span class='ocrx_word' id='word_1_74' title='bbox 659 2722 761 2785; x_wconf 91' lang='lat' dir='ltr'>nobis</span> <span class='ocrx_word' id='word_1_75' title='bbox 776 2731 903 2785; x_wconf 87' lang='lat' dir='ltr'>natura</span> <span class='ocrx_word' id='word_1_76' title='bbox 918 2723 1062 2804; x_wconf 75' lang='lat' dir='ltr'>inlesse,</span> <span class='ocrx_word' id='word_1_77' title='bbox 1087 2732 1221 2787; x_wconf 87' lang='lat' dir='ltr'>tantam</span> 
     </span>
     <span class='ocr_line' id='line_1_16' title="bbox 94 2838 787 2918; baseline 0 -17"><span class='ocrx_word' id='word_1_78' title='bbox 94 2846 220 2901; x_wconf 88' lang='lat' dir='ltr'>autem</span> <span class='ocrx_word' id='word_1_79' title='bbox 244 2855 323 2901; x_wconf 85' lang='lat' dir='ltr'>esse</span> <span class='ocrx_word' id='word_1_80' title='bbox 347 2838 583 2918; x_wconf 85' lang='lat' dir='ltr'>corruptelam</span> <span class='ocrx_word' id='word_1_81' title='bbox 606 2857 635 2903; x_wconf 89' lang='lat' dir='ltr'>e.</span> <span class='ocrx_word' id='word_1_82' title='bbox 656 2856 688 2918; x_wconf 90' lang='lat' dir='ltr'>q.</span> <span class='ocrx_word' id='word_1_83' title='bbox 707 2857 733 2901; x_wconf 78' lang='lat' dir='ltr'>s,</span> <span class='ocrx_word' id='word_1_84' title='bbox 783 2874 787 2884; x_wconf 53' lang='grc' dir='ltr'><em>ι</em></span> 
     </span>
    </p>
   </div>
   <div class='ocr_carea' id='block_1_8' title="bbox 635 3060 695 3125">
    <p class='ocr_par' dir='ltr' id='par_1_8' title="bbox 635 3060 695 3125">
     <span class='ocr_line' id='line_1_17' title="bbox 635 3060 695 3125; baseline -0.017 0"><span class='ocrx_word' id='word_1_85' title='bbox 635 3060 695 3125; x_wconf 89' lang='lat' dir='ltr'>IV.</span> 
     </span>
    </p>
   </div>
   <div class='ocr_carea' id='block_1_9' title="bbox 95 3203 1222 3501">
    <p class='ocr_par' dir='ltr' id='par_1_9' title="bbox 95 3203 1222 3501">
     <span class='ocr_line' id='line_1_18' title="bbox 210 3203 1222 3286; baseline 0.005 -21"><span class='ocrx_word' id='word_1_86' title='bbox 210 3203 311 3282; x_wconf 89' lang='lat' dir='ltr'>Quod</span> <span class='ocrx_word' id='word_1_87' title='bbox 335 3203 476 3285; x_wconf 91' lang='lat' dir='ltr'>quidam</span> <span class='ocrx_word' id='word_1_88' title='bbox 505 3204 637 3286; x_wconf 88' lang='lat' dir='ltr'>opinati</span> <span class='ocrx_word' id='word_1_89' title='bbox 660 3213 752 3284; x_wconf 83' lang='lat' dir='ltr'>sunt,</span> <span class='ocrx_word' id='word_1_90' title='bbox 786 3203 1030 3268; x_wconf 82' lang='lat' dir='ltr'>Alexandrum</span> <span class='ocrx_word' id='word_1_91' title='bbox 1052 3204 1222 3286; x_wconf 85' lang='lat' dir='ltr'>Magnum</span> 
     </span>
     <span class='ocr_line' id='line_1_19' title="bbox 95 3319 1221 3402; baseline 0.002 -19"><span class='ocrx_word' id='word_1_92' title='bbox 95 3319 328 3383; x_wconf 88' lang='lat' dir='ltr'>humanitatis</span> <span class='ocrx_word' id='word_1_93' title='bbox 351 3321 604 3401; x_wconf 88' lang='lat' dir='ltr'>propagandae</span> <span class='ocrx_word' id='word_1_94' title='bbox 620 3330 655 3384; x_wconf 90' lang='lat' dir='ltr'>et</span> <span class='ocrx_word' id='word_1_95' title='bbox 671 3322 880 3401; x_wconf 86' lang='lat' dir='ltr'>populorum</span> <span class='ocrx_word' id='word_1_96' title='bbox 896 3322 1020 3386; x_wconf 88' lang='lat' dir='ltr'>salutis</span> <span class='ocrx_word' id='word_1_97' title='bbox 1036 3322 1221 3402; x_wconf 86' lang='lat' dir='ltr'>augendae</span> 
     </span>
     <span class='ocr_line' id='line_1_20' title="bbox 97 3436 831 3501; baseline 0 -1"><span class='ocrx_word' id='word_1_98' title='bbox 97 3451 212 3500; x_wconf 88' lang='lat' dir='ltr'>causa</span> <span class='ocrx_word' id='word_1_99' title='bbox 234 3436 328 3499; x_wconf 88' lang='lat' dir='ltr'>bella</span> <span class='ocrx_word' id='word_1_100' title='bbox 351 3454 416 3500; x_wconf 89' lang='lat' dir='ltr'>sua</span> <span class='ocrx_word' id='word_1_101' title='bbox 439 3437 593 3501; x_wconf 88' lang='lat' dir='ltr'>movisse</span> <span class='ocrx_word' id='word_1_102' title='bbox 617 3437 745 3500; x_wconf 81' lang='lat' dir='ltr'>falsum</span> <span class='ocrx_word' id='word_1_103' title='bbox 769 3445 831 3500; x_wconf 92' lang='lat' dir='ltr'>est.</span> 
     </span>
    </p>
   </div>
   <div class='ocr_carea' id='block_1_10' title="bbox 639 3685 683 3750">
    <p class='ocr_par' dir='ltr' id='par_1_10' title="bbox 639 3685 683 3750">
     <span class='ocr_line' id='line_1_21' title="bbox 639 3685 683 3750; baseline 0.023 -1"><span class='ocrx_word' id='word_1_104' title='bbox 639 3685 683 3750; x_wconf 91' lang='lat' dir='ltr'>V.</span> 
     </span>
    </p>
   </div>
   <div class='ocr_carea' id='block_1_11' title="bbox 102 3829 1222 4140">
    <p class='ocr_par' dir='ltr' id='par_1_11' title="bbox 102 3829 1222 4140">
     <span class='ocr_line' id='line_1_22' title="bbox 210 3829 1222 3912; baseline 0.003 -19"><span class='ocrx_word' id='word_1_105' title='bbox 210 3829 419 3894; x_wconf 87' lang='lat' dir='ltr'>Plutarchus</span> <span class='ocrx_word' id='word_1_106' title='bbox 449 3846 529 3894; x_wconf 91' lang='lat' dir='ltr'>cum</span> <span class='ocrx_word' id='word_1_107' title='bbox 558 3830 651 3893; x_wconf 87' lang='lat' dir='ltr'>dicat</span> <span class='ocrx_word' id='word_1_108' title='bbox 680 3829 781 3894; x_wconf 87' lang='lat' dir='ltr'>Num.</span> <span class='ocrx_word' id='word_1_109' title='bbox 810 3830 849 3892; x_wconf 87' lang='grc'>17</span> <span class='ocrx_word' id='word_1_110' title='bbox 879 3829 1030 3911; x_wconf 84' lang='lat' dir='ltr'>collegia</span> <span class='ocrx_word' id='word_1_111' title='bbox 1058 3832 1222 3912; x_wconf 88' lang='lat' dir='ltr'>opificum</span> 
     </span>
     <span class='ocr_line' id='line_1_23' title="bbox 102 3945 1220 4030; baseline 0.005 -24"><span class='ocrx_word' id='word_1_112' title='bbox 102 3961 183 4006; x_wconf 89' lang='lat' dir='ltr'>esse</span> <span class='ocrx_word' id='word_1_113' title='bbox 207 3945 365 4008; x_wconf 88' lang='lat' dir='ltr'>instituta</span> <span class='ocrx_word' id='word_1_114' title='bbox 377 3945 512 4009; x_wconf 90' lang='lat' dir='ltr'>Numae</span> <span class='ocrx_word' id='word_1_115' title='bbox 536 3945 753 4025; x_wconf 89' lang='lat' dir='ltr'>temporibus</span> <span class='ocrx_word' id='word_1_116' title='bbox 776 3945 949 4009; x_wconf 84' lang='lat' dir='ltr'>refutatur</span> <span class='ocrx_word' id='word_1_117' title='bbox 964 3947 1103 4011; x_wconf 90' lang='lat' dir='ltr'>aFloro</span> <span class='ocrx_word' id='word_1_118' title='bbox 1123 3949 1172 4030; x_wconf 87' lang='lat'>16,</span> <span class='ocrx_word' id='word_1_119' title='bbox 1189 3950 1220 4030; x_wconf 85' lang='lat'>3,</span> 
     </span>
     <span class='ocr_line' id='line_1_24' title="bbox 102 4058 687 4140; baseline 0.005 -18"><span class='ocrx_word' id='word_1_120' title='bbox 102 4060 164 4140; x_wconf 89' lang='lat' dir='ltr'>qui</span> <span class='ocrx_word' id='word_1_121' title='bbox 187 4069 282 4124; x_wconf 87' lang='lat' dir='ltr'>recte</span> <span class='ocrx_word' id='word_1_122' title='bbox 306 4079 348 4123; x_wconf 89' lang='lat' dir='ltr'>ea</span> <span class='ocrx_word' id='word_1_123' title='bbox 372 4058 496 4123; x_wconf 86' lang='lat' dir='ltr'>Servio</span> <span class='ocrx_word' id='word_1_124' title='bbox 520 4059 687 4125; x_wconf 85' lang='lat' dir='ltr'>attribuit.</span> 
     </span>
    </p>
   </div>
   <div class='ocr_carea' id='block_1_12' title="bbox 0 0 1333 4242">
    <p class='ocr_par' dir='ltr' id='par_1_12' title="bbox 0 0 1333 4242">
     <span class='ocr_line' id='line_1_25' title="bbox 0 0 1333 4242; baseline 0 0"><span class='ocrx_word' id='word_1_125' title='bbox 0 0 1333 4242; x_wconf 95' lang='lat' dir='ltr'> </span> 
     </span>
    </p>
   </div>
   <div class='ocr_carea' id='block_1_13' title="bbox 1165 4183 1246 4200">
    <p class='ocr_par' dir='ltr' id='par_1_13' title="bbox 1165 4183 1246 4200">
     <span class='ocr_line' id='line_1_26' title="bbox 1165 4183 1246 4200; baseline 0.012 -1"><span class='ocrx_word' id='word_1_126' title='bbox 1165 4183 1246 4200; x_wconf 43' lang='lat' dir='ltr'>r*</span> 
     </span>
    </p>
   </div>
  </div>
 </body>
</html>
