2642 4242
501 283 720 348 -99,

146 459 176 529 4)
196 459 212 530 β
233 459 266 514 12
285 460 373 531 igitur
385 461 459 515 bello
473 461 584 516 decreto

78 567 126 616 per
149 568 246 604 muros
269 556 415 617 turresque
445 555 585 603 tormenta

77 639 236 707 disponunt,
263 657 340 692 arma
363 641 519 694 iunioribus
544 640 584 692 di-

77 727 185 796 vidunt,
215 728 329 797 opifices
357 747 475 798 quorum
504 731 585 798 copia

79 817 143 869 urbs
181 817 356 887 abundabat,
393 820 423 872 in
459 820 585 872 officinas

79 906 260 961 distribuunt.
294 907 396 961 Omnia
414 909 481 962 belli
501 926 584 978 appa·

78 1001 141 1048 ratu
170 1002 313 1066 strepunt:
342 997 448 1050 ferreae
474 1016 584 1066 quoque

78 1085 191 1138 manns.
204 1126 211 1136 .
223 1129 229 1140 .
240 1105 309 1154 quas
319 1087 451 1154 operibus
461 1087 584 1140 hostium

79 1173 223 1242 inicerent,
243 1176 375 1242 corvique
395 1179 424 1228 et
439 1176 494 1229 alia
505 1180 584 1227 tuen-

80 1262 128 1314 dis·
159 1263 274 1317 urbibus
311 1264 471 1332 excogitata
507 1281 584 1332 prae·

80 1353 258 1417 parabantur.

150 1531 175 1600 5)
195 1529 212 1602 ξ
233 1532 274 1586 14.
311 1531 396 1598 Apud
415 1529 584 1584 llfauedonas

82 1638 196 1688 quoque,
225 1638 289 1674 eum
314 1621 386 1674 forte
405 1637 505 1686 panem
525 1621 584 1688 qui·

82 1711 143 1760 dam
172 1710 292 1762 militum
325 1711 496 1779 frangerent,
527 1728 583 1763 ma·

82 1797 171 1851 nautis
199 1799 343 1867 sanguinis
377 1803 471 1866 guttas
507 1805 585 1853 nota·

82 1891 188 1946 uerunt,
402 1949 404 1954 ι

161 1976 177 2046 )
191 1975 207 2044 ἓ
222 1978 261 2030 18.
288 1975 392 2046 Magna
403 1978 444 2030 vis
456 1996 586 2031 saxorum

83 2064 116 2116 ad
143 2083 257 2120 manum
286 2073 360 2136 erat,
389 2067 463 2136 Tyro
491 2070 587 2121 vetere

82 2156 239 2220 praebente.

151 2264 206 2335 'iffi
221 2263 331 2318 19-20.
345 2263 461 2333 Iamque
472 2283 488 2318 a
498 2265 584 2320 fundo
613 2317 620 2331 ,

83 2357 163 2408 maris
191 2355 221 2408 iii
244 2355 422 2408 altitudinem
447 2355 585 2408 modicam

84 2460 149 2510 opus
172 2449 312 2510 creverat,
341 2445 466 2496 nondum
491 2449 585 2497 tamen

84 2549 166 2599 aquae
187 2533 330 2602 fastigium
353 2535 501 2600 aequabat:
523 2552 586 2586 eum

83 2619 155 2689 Tyrii
190 2623 284 2692 parvis
318 2623 437 2690 navigiis
466 2623 585 2677 admotis

77 2724 130 2776 'per
147 2713 303 2765 ludibrium
325 2714 481 2780 exprobant
499 2712 585 2766 inter·

85 2803 221 2870 rogabant,
232 2803 317 2854 etiam
331 2819 398 2853 num
411 2803 500 2854 maiar
512 2803 586 2871 Nep-

84 2893 148 2943 tuno
168 2889 332 2945 Alexander
351 2891 442 2946 esset?

149 3001 176 3071 8)
207 3002 304 3070 iffi·-
328 3003 443 3070 lamque
471 3003 586 3070 paulum

84 3091 165 3144 moles
194 3109 267 3160 aqna
296 3093 420 3146 eminbat
447 3100 475 3145 et
504 3092 586 3144 simul

85 3181 188 3248 aggeris
217 3183 339 3234 latitudo
368 3183 513 3234 crescebat
541 3199 585 3234 ur-

81 3267 162 3344 bique
186 3271 400 3325 admovebatur:
426 3289 489 3324 eum
507 3270 586 3338 Tyrii

85 3361 272 3427 magnitudine
308 3362 389 3416 molis
428 3361 508 3414 euius
546 3361 586 3412 in-

87 3455 253 3502 crementum
272 3468 318 3504 eos
338 3455 419 3504 antea
438 3448 585 3517 fefellerat,

86 3551 227 3614 conspecta
246 3543 353 3602 levibus
373 3541 492 3610 navigiis
519 3559 586 3594 non-

86 3633 145 3686 dam
165 3637 341 3690 commissum
369 3650 437 3702 opus
459 3631 586 3684 eireumi·

86 3732 285 3794 recaeperunt,
305 3725 457 3778 missilbus
476 3739 585 3789 quoque

86 3830 134 3882 eus,
159 3816 206 3884 qui
231 3833 281 3884 pro
307 3833 389 3885 opere
414 3815 526 3867 stabant
544 3812 585 3864 in-

87 3922 193 3960 cessere.

711 461 754 528 41,
773 461 857 515 3-4;
878 460 980 525 ε’χοντες
999 451 1027 510 δὲ
1045 452 1145 526 πολλὴν

639 548 781 620 δαψίλειαν
814 547 988 601 καταπελτῶν
1020 554 1065 600 καὶ
1093 548 1146 599 τῶν

639 637 726 692 ἄλλων
743 639 870 706 μηχανῶν
891 638 942 690 τῶν
954 640 1020 708 πρὸς
1038 637 1145 707 πολιορ-

639 733 701 782 κιάν
709 730 850 799 χρησίμοιν,
865 728 955 798 ἑτέρας
967 725 1146 780 πολλαπλασί-

640 840 684 875 ονς
703 818 900 870 κατεσκεύασαν
919 816 1015 886 ρᾳδίως
1034 815 1076 868 διὰ
1093 819 1146 868 τῶν

639 909 668 960 ἐν
679 908 711 980 τη
726 907 802 977 Tium
820 907 1010 973 μηχανοποιῶν
1029 911 1073 958 καὶ
1085 910 1146 958 ·το”ν

639 995 726 1049 ἄλλων
783 996 907 1061 τεχνιτῶν
962 995 1147 1048 παντοδαπῶν

639 1084 737 1137 ὄντοιν.
747 1083 790 1136 δία
803 1082 830 1135 δὲ
841 1084 942 1136 τούτων
953 1083 1006 1135 τῶν
1015 1083 1145 1153 ὀργάνων,
1169 1081 1174 1086 ’

638 1172 823 1226 παντοδαπῶν
844 1177 889 1224 καὶ
911 1173 992 1235 ξένων
1015 1178 1071 1227 ταῖς
1089 1172 1145 1224 ε’πι-

640 1265 724 1318 ιόιάις
761 1261 1037 1330 κατοσκεοαξομὲνων,
1075 1257 1147 1317 ἅπας

638 1352 689 1420 μὲν
708 1352 722 1403 ὁ
741 1349 878 1420 περίβολος
898 1348 941 1416 τῆς
959 1349 1058 1405 πόλεως
1067 1349 1146 1416 ε’πλη-

638 1442 715 1510 ρῶθη
735 1441 789 1492 τῶν
806 1439 932 1507 μηχανῶν
954 1478 1145 1492 ........

712 1534 755 1598 41,
776 1534 804 1584 7;
824 1528 892 1580 κατὰ
911 1527 963 1598 γὰρ
983 1528 1029 1584 τὰς
1050 1529 1147 1597 τροφὰς

639 1618 713 1687 παρὰ
740 1621 792 1672 τοῖς
811 1616 964 1669 Μακεδόσιν
992 1615 1018 1668 οἱ
1036 1615 1146 1668 διακλώ-

641 1727 713 1774 μενοι
737 1707 789 1757 τῶν
808 1703 897 1774 ἄρτων
923 1704 1080 1774 αἰματοειδη
1098 1706 1147 1773 την

642 1796 778 1866 πρίοοηνιν
797 1793 873 1861 εἶχον.

710 1968 756 2046 40,
776 1980 806 2031 5:
832 1975 912 2030 aidis
935 1969 983 2026 οὖν
1005 1975 1148 2046 καθαιρῶν

640 2066 690 2133 την
722 2065 844 2117 παλαιὰν
873 2064 1016 2134 λεγομένην
1052 2065 1147 2134 Τύρον,

642 2161 686 2208 καὶ
708 2154 931 2222 ...κομιξοοοῶν
950 2154 1010 2210 τοὺς
1028 2151 1128 2209 λίθους.

710 2265 754 2332 41,
776 2266 802 2318 l:
834 2260 867 2313 Oi
885 2260 913 2314 δὲ
938 2263 1031 2332 Τύριοι
1049 2263 1080 2313 τὸ
1098 2262 1148 2329 μὲν

639 2353 747 2423 πρῶτον
769 2351 962 2423 προσπλέοντες
984 2350 1021 2418 τῷ
1044 2352 1148 2419 χώματι

640 2437 1013 2513 κατεγέλωντοῦρασιλέοις,εἰ
1019 2439 1148 2492 rorifluam

641 2531 722 2588 δῶνος
740 2533 836 2584 ἑαυτὸν
855 2532 927 2584 δοκεῖ
944 2533 1121 2602 περιέσεσθαι.

713 3001 740 3068 ὃ)
760 3003 848 3066 42,12
871 2996 940 3065 μετὰ
960 2995 988 3049 δὲ
1014 2998 1099 3048 ταῦτα
1122 2992 1150 3046 οῖ

640 3091 691 3157 μὲν
712 3089 803 3158 Τι’»ριοι
823 3084 929 3152 αἰἷξησιν
953 3085 1001 3139 τοῦ
1026 3087 1147 3153 χώματος

641 3176 841 3247 εὐλαβηθέντες,
866 3176 1029 3248 ,ἐπλήρωσαν
1060 3173 1145 3226 πολλὰ

640 3267 695 3319 τῶν
716 3265 866 3318 ἐλαττόνων
888 3267 997 3334 σκαφῶν
1019 3262 1147 3334 ὀξυβελῶν

643 3377 669 3408 τε
697 3353 873 3407 καταπελτῶν
896 3360 940 3406 καὶ
967 3353 1084 3415 τοξοτῶν
1102 3357 1147 3403 καὶ

641 3448 825 3518 σφενδονητῶν
850 3443 962 3514 ἀνδρῶν,
991 3448 1036 3493 καὶ
1065 3462 1146 3511 προσ-

641 3539 800 3592 πλεύσαντες
824 3538 877 3591 τοῖς
906 3532 1089 3603 ἑρμαξομὲνοις
1115 3531 1146 3582 τὸ

644 3631 720 3697 χῶμα
748 3625 859 3680 πολλοῖς
889 3628 939 3692 μέν
968 3625 1146 3690 κατέτρωσαν,

643 3719 689 3770 οὐκ
711 3716 812 3787 ὀλίγους
831 3716 857 3769 δὲ
877 3715 1044 3767 ἀπέκτειναν.
