2642 4242
761 171 826 283 ,ιι
1306 162 1308 219 t

172 321 175 328 ²
244 340 459 412 inflammatus
487 346 670 402 commenta
703 347 735 400 et
761 321 888 403 fabulas
911 349 1071 429 captaret,
1099 339 1164 411 hoo
1204 335 1309 417 vitiet

246 445 423 512 evitaturus
464 437 498 505 iu
540 435 736 504 contrarium
768 436 850 504 illud
889 441 1078 526 cucurrerit,
1142 456 1178 507 ut
1217 443 1309 514 nimi

246 547 372 634 frigore
400 565 437 608 ac
463 537 619 621 siccitate,
655 559 751 628 ‘quae
776 562 895 608 revera
910 543 963 606 ·ab
985 540 1188 635 'Alexandro
1211 545 1309 634 singu

243 650 355 719 lariter
387 659 419 712 et
448 641 582 709 mirifice
612 652 704 728 gesta
736 656 859 733 essent,
900 643 942 708 ad
969 667 1059 710 suam
1085 644 1190 735 ipsius
1218 647 1309 736 opim'

246 775 345 823 onem
357 750 413 815 ssle
440 729 584 812 referetis
596 757 631 810 et
645 743 869 836 interpretatus
889 767 1119 836 nonnunquam
1139 749 1193 812 vel
1217 771 1308 812 mm„

131 852 138 862 ⁸
246 870 333 925 recte
353 821 512 917 iudicaret
535 848 588 910 vel
609 843 715 910 minus
736 870 814 914 vere
826 860 1043 912 narraretoe·
1002 847 1220 936 -Denique
1233 868 1309 965 quct

247 957 417 1046 adipsum
432 945 613 1014 AristohttIi
626 941 786 1015 librorum
808 963 1030 1066 argumentum
1051 949 1177 1033 attinet,
1210 950 1309 1016 certis

222 1073 225 1080 ’
248 1060 329 1126 sime
345 1052 420 1120 licet
430 1048 602 1115 affirmare
607 1048 689 1113 satis
699 1051 822 1140 largam
829 1075 874 1117 ac
888 1050 1012 1116 variam
1024 1051 1191 1137 materiam
1206 1053 1252 1118 iis
1278 1051 1308 1116 fu

246 1179 313 1228 rsse
334 1153 615 1267 comprehensam..
641 1152 788 1241 Namque
801 1143 1000 1266 praeterres,
1021 1175 1105 1242 quae
1121 1155 1163 1219 ad
1176 1149 1308 1245 Alexan

178 1277 180 1280 ’
240 1259 301 1328 dri
321 1254 490 1322 historiam
520 1250 656 1344 propius
682 1249 896 1341 pertinerent,
894 1254 1145 1324 Aristobulum
1165 1268 1309 1321 terrarur

240 1389 300 1431 ιιιι)
300 1360 504 1466 populorum
530 1353 743 1444 descriptioni
771 1377 906 1447 operam
932 1359 1062 1426 dedisse
1090 1357 1309 1448 uberioresqu

72 1529 74 1536 ,
177 1459 180 1464 ’
241 1467 292 1533 'de'
300 1453 408 1530 rebus
430 1453 681 1547 geographicis
680 1469 712 1520 et
728 1457 874 1546 physicis
882 1484 1000 1548 ,aquas
1004 1461 1241 1557 Ptplemaeurn
1272 1460 1309 1526 vit

247 1565 398 1654 attigisse
413 1560 584 1639 vidimus,
597 1564 751 1624 exodrsus
771 1560 866 1648 operi
886 1584 946 1628 suo
967 1560 1145 1649 intexuisse
1175 1586 1222 1626 ex
1242 1558 1309 1635 mul

140 1733 143 1742 ,
241 1668 288 1734 tis
306 1660 504 1752 fragmentis
525 1637 697 1744 colligitur.
724 1658 755 1742 ¹)
797 1661 846 1726 Ita
881 1660 1112 1730 dementibus
1140 1663 1215 1752 (ap.
1246 1661 1309 1728 An

245 1771 332 1860 Exp.
354 1765 452 1831 Alex.
469 1758 528 1827 Ill.
552 1781 579 1826 c
601 1761 654 1826 28.
675 1768 704 1837 §.
716 1759 773 1843 8),
794 1758 901 1828 fluviis
923 1760 1019 1850 (ibid.
1033 1762 1091 1829 III.
1111 1765 1207 1830 eso.
1216 1771 1264 1839 §.
1280 1752 1309 1835 tl

209 1907 215 1918 ·
246 1883 278 1938 et
299 1867 404 1937 Stral'r.
424 1863 472 1928 T.
493 1860 564 1926 IV.
574 1861 693 1948 pato
711 1859 772 1926 VI.
792 1863 940 1949 p..,261)
958 1860 1182 1953 fontibus(ap.
1204 1865 1309 1943 Athet

203 2016 205 2022 .
246 1971 290 2040 Π
311 1992 345 2056 p.
364 1963 464 2041 435.)
485 1957 684 2050 insulis(ap.
703 1958 782 2025 Arr.
802 1962 845 2027 1.
846 1985 875 2027 c.
895 1961 1021 2031 etVIl.
1041 1967 1188 2041 c...20§
1210 1946 1309 2051 9.,)tl

244 2063 407 2142 'terrarium
424 2058 743 2156 tempestateaositu
761 2061 827 2151 (ap.
849 2063 955 2130 Strab.
978 2049 1021 2131 T.
1044 2065 1099 2133 VI.
1121 2091 1154 2156 p.
1172 2058 1270 2132 29-
1276 2058 1309 2134 31

241 2171 397 2241 36-37,
419 2166 508 2231 44-
519 2163 572 2228 46.
596 2159 680 2243 74),
709 2160 752 2227 de
775 2161 905 2229 urbium
924 2163 1111 2232 nominihus
1139 2179 1173 2231 et
1192 2166 1308 2235 incola

244 2297 319 2340 rum
340 2265 487 2334 moribus
507 2260 575 2348 (ep.
600 2259 720 2325 Athen.
740 2261 816 2328 XII.
844 2287 879 2352 p.
902 2266 975 2330 513
1001 2264 1079 2330 Arr.
1100 2264 1192 2356 Exp.
1224 2270 1308 2334 Alex

239 2373 295 2448 ’9.
303 2396 338 2438 o.
341 2372 413 2436 26.
434 2374 464 2442 §.
486 2366 517 2430 3.
538 2363 644 2430 Strab.
666 2361 713 2428 Τ.
734 2362 794 2430 VI
812 2387 846 2453 p.
868 2365 966 2447 129.‚)
988 2361 1220 2451 dandorum,
1217 2370 1308 2460 plan

227 2481 368 2552 tarum,
390 2465 566 2534 bestiarum
588 2477 702 2529 natura
721 2464 788 2555 (ap
818 2464 897 2532 Arr.
924 2469 945 2532 1
968 2489 997 2533 c.
1018 2467 1077 2535 VI.
1107 2494 1135 2536 o.
1155 2473 1212 2537 223
1240 2472 1308 2550 §.7

244 2575 351 2644 strab.
373 2569 418 2638 T.
439 2565 500 2633 IV.
519 2589 550 2656 p.
572 2567 646 2631 463.
670 2564 729 2632 VI.
750 2590 784 2655 p.
805 2568 858 2654 34.
877 2569 1041 2635 44.-“-46.
1059 2571 1130 2653 97.)
1153 2570 1308 2664 dataope

244 2702 283 2746 ra
303 2671 528 2742 Aristobulum
548 2666 654 2756 egisse
675 2665 806 2733 scimus.
819 2703 862 2717 -—
881 2667 978 2736 Unde
997 2670 1085 2736 hand
1104 2669 1308 2762 improbabili

146 2799 149 2808 ⁴
243 2777 287 2846 fid
340 2769 476 2864 quod
466 2793 530 2834 tam
566 2767 705 2836 Vossius
738 2768 797 2850 (de
832 2767 916 2836 Hist
946 2770 1006 2837 Gr.
1032 2771 1059 2840 I.
1088 2797 1115 2839 o
1144 2777 1214 2860 10.)
1246 2777 1308 2846 olin

245 2875 394 2958 coniecit,
416 2871 535 2938 librum
545 2893 611 2953 περι
604 2871 716 2936 leina
728 2893 781 2960 ap
803 2886 883 2938 auct.
901 2872 943 2940 de
964 2871 1057 2942 Fluv.
1078 2899 1106 2942 o.
1127 2876 1222 2954 XIV
1247 2874 1308 2959 cita

112 3001 123 3026 -·
243 3003 312 3059 tum
335 2972 516 3043 abeodem
535 2969 745 3054 Aristobulo,
765 2996 870 3064 neque
888 2974 1097 3067 physicarum
1119 3004 1227 3070 neque
1256 3005 1307 3048 ma

243 3078 487 3202 thematicarum
507 3097 625 3141 rerum
637 3072 801 3164 imperito,
826 3099 897 3142 esse
919 3075 1155 3146 concinnatum

664 3354 785 3469 Gap.
822 3299 901 3445 IV.

482 3529 718 3608 Onesicritus
755 3494 1082 3637 Astypalciecnsis.

255 3697 265 3718 ''
290 3753 292 3756 .
343 3697 397 3765 Ex
418 3721 530 3770 sorum
552 3700 750 3790 scriptorum
768 3705 959 3796 Alexandro
980 3707 1027 3778 M.
1051 3706 1234 3799 aequalium
1255 3728 1306 3780 nul

243 3821 355 3881 mero,
384 3799 459 3890 qui
461 3803 514 3868 vel
536 3801 655 3908 ducum
683 3830 818 3874 munere
844 3809 902 3875 vel
928 3809 993 3879 atio
1019 3811 1200 3920 ministerio
1229 3813 1307 3908 apud

245 3891 546 3916 μαι-η.

344 3930 370 3997 1)
396 3929 502 3987 Videat
528 3933 612 4008 igitur
635 3937 814 3996 doctissimus
838 3943 936 3996 Petrus
962 3943 998 3999 de
1019 3945 1145 4011 Bohlen,
1172 3965 1283 4022 quoru
1252 3950 1306 4005 iure

240 4011 294 4152 §dp
306 4012 449 4152 Vprttlnd·
466 4019 502 4074 T.
516 4019 538 4073 1.
551 4035 581 4092 p.
592 4023 649 4092 73.)
669 4011 836 4080 Aristobuli
850 4023 939 4084 libros
959 4029 1113 4145 Ephemeri
1114 4030 1186 4087 dum
1194 4035 1306 4090 nomint

263 4112 330 4156 osv
361 4114 372 4151 ι
