2642 4242
586 116 762 172 ..13-

113 291 317 374 Alexandri,
342 310 447 374 quem
463 293 613 357 afferunt
629 293 871 374 ephemerides
887 300 992 374 atque
1007 290 1254 355 Aristobulus

17 471 23 492 ,
114 411 278 476 facillime
302 410 545 491 investigatur.

221 527 319 608 Quae
343 543 424 589 cum
447 533 610 589 enatura
626 525 799 588 fastorum
814 525 1126 588 Macedonicorum
1146 525 1253 587 intel-

64 617 67 624 ,
113 643 313 722 lexerimuS,
338 659 406 723 age
418 657 520 722 nunc,
546 641 629 722 quid
651 641 847 722 reperiatur
863 641 958 723 apud
983 649 1128 704 veteres
1162 641 1251 704 scri-

113 768 233 840 ptores
250 758 293 822 de
309 758 405 840 regis
422 758 518 821 exitu
537 759 800 838 perlustremus
829 799 866 806 -
893 758 1029 821 Nomen
1039 757 1253 820 Romanum

114 875 226 938 mensi
250 892 414 955 supremo
438 873 633 938 Alexandri
656 874 799 938 exhibet
821 874 983 938 Iustinus
1026 873 1110 936 dicit
1149 874 1252 936 enirn
1310 854 1312 861 ⁵

114 992 164 1055 ita
188 991 265 1074 (XII
292 991 341 1070 16,
377 992 420 1073 l):
447 990 600 1054 decessit
623 989 829 1054 Alexander
857 1008 979 1054 mense
1002 989 1100 1052 lunio
1124 1008 1251 1052 annos

115 1116 187 1170 tres
217 1116 252 1170 et
281 1107 425 1188 triginta
453 1115 566 1170 natus.
599 1106 693 1188 quod
722 1107 884 1188 quamvis
912 1124 983 1169 non
1012 1106 1199 1186 discrepet
1229 1125 1250 1168 a

114 1233 236 1286 nostro
266 1241 370 1304 quem
400 1241 508 1303 supra
536 1224 731 1304 reperimus
759 1241 891 1303 mense,
927 1233 1045 1286 tamen
1066 1240 1140 1284 non
1168 1223 1250 1286 sine

115 1339 330 1404 dubitatione
366 1339 509 1420 accipio
547 1357 652 1420 quam
687 1340 780 1402 enim
814 1340 986 1403 rationem
1020 1339 1065 1401 sit
1093 1347 1250 1401 secutus

115 1456 265 1536 scriptor
286 1456 322 1518 in
344 1455 588 1536 comparandis
605 1455 706 1518 fastis
722 1454 954 1518 Macedonum
975 1473 1055 1518 cum
1069 1454 1250 1518 Romanis

115 1573 186 1636 iam
207 1591 279 1636 non
301 1580 418 1652 potest
441 1571 602 1652 perspici.

222 1688 277 1750 Ex
300 1688 354 1751 his
378 1688 485 1770 igitur
509 1688 552 1750 de
577 1689 704 1768 quibus
728 1688 843 1751 adhuc
872 1688 1127 1768 disputavimus
1151 1689 1249 1751 locis

118 1822 198 1868 cum
220 1804 376 1867 nondum
400 1804 444 1866 ad
466 1805 570 1867 linem
591 1803 636 1866 sit
656 1804 826 1885 perducta
843 1805 1012 1884 quaestio,
1037 1805 1104 1867 alio
1121 1812 1250 1867 tamen

118 1929 327 2001 argumento
358 1921 432 1983 dies
463 1938 532 2000 quo
567 1921 729 2001 spiritum
758 1921 890 1983 efflavit
919 1939 993 2000 rex,
1029 1922 1103 1984 51115
1133 1919 1248 1984 dubio

117 2037 287 2100 definitur.
312 2036 348 2098 in
371 2037 460 2100 libro
485 2037 577 2100 enim
600 2037 659 2099 illo
684 2037 844 2100 fabuloso
874 2037 918 2100 de
941 2037 1137 2100 Alexandri
1165 2038 1248 2100 vita
1310 2074 1312 2133 3

118 2162 153 2215 et
187 2153 293 2216 rebus
329 2153 439 2233 gestis
475 2153 679 2232 composito,
716 2153 775 2233 qui
809 2171 880 2216 non
914 2150 1248 2217 recte'attribuitur
1310 2136 1312 2217 3

119 2267 332 2347 Callistheni,
357 2269 523 2331 nonnulla
546 2269 771 2332 inveniuntur
783 2269 826 2332 de
849 2270 945 2350 regis
961 2270 1056 2332 vitae
1071 2278 1246 2349 tempore,

119 2403 209 2466 quae
249 2385 389 2448 minime
430 2385 652 2465 aspernanda
693 2403 773 2449 esse
807 2386 978 2448 existimo
1015 2394 1247 2448 enumeratur
1310 2390 1312 2411 ¹

119 2502 232 2581 capite
256 2502 432 2564 tricesimo
456 2502 576 2582 quinto
600 2501 679 2564 libri
702 2501 796 2564 151111
819 2511 904 2582 quot
926 2519 1038 2565 annos
1053 2501 1185 2565 vixerit
1209 2509 1246 2564 et

118 2618 322 2699 regnaverit
345 2617 558 2697 Alexander,
583 2627 668 2698 quot
691 2617 816 2680 vicerit
838 2619 999 2681 nationes
1023 2617 1244 2680 Graecorum
1310 2680 1312 2691 ,

120 2743 154 2797 51
177 2735 418 2812 barbarorum,
444 2743 528 2813 quot
552 2733 746 2797 condiderit
769 2734 885 2797 urbes
927 2734 982 2798 his
1006 2736 1113 2798 rebus
1138 2752 1244 2814 expo·

120 2850 196 2913 sitis
220 2835 420 2930 adiungitur
437 2850 562 2930 quibus
579 2851 702 2913 diebus
717 2858 822 2912 natus
838 2850 884 2912 sit
899 2868 964 2913 rex
980 2860 1016 2913 et
1038 2851 1173 2915 obierit.
1310 2830 1312 2835 ¹

226 2965 281 3028 De
316 2966 383 3029 hoc
417 2967 495 3029 loco
530 2965 685 3028 nondum
723 2975 888 3030 accurate
935 2974 988 3031 est
1033 2975 1242 3047 tractatum,
1310 2988 1312 3003 ¹

120 3081 301 3162 Ungerum
325 3082 400 3145 eius
424 3081 578 3145 breviter
599 3081 811 3145 mentionem
827 3082 954 3145 fecisse
971 3101 1078 3163 supra
1094 3100 1243 3146 comme-
1310 3092 1312 3135 t

119 3198 265 3261 moravi.
290 3197 473 3260 videamus
496 3197 603 3278 igitur
627 3197 710 3279 quid
734 3198 923 3262 exhibeant
939 3198 1079 3262 codices
1091 3199 1242 3262 Pseudo
1310 3182 1312 3209 ³

122 3313 346 3378 Callisthenis
369 3315 549 3394 paululum
572 3315 664 3377 inter
687 3332 727 3376 se
751 3314 1002 3394 discrepantes

120 3541 193 3605 quod
212 3540 236 3590 si
254 3546 322 3590 recte
340 3539 449 3598 monuit,
478 3539 555 3588 situm
572 3539 666 3590 'Daesii
693 3539 816 3590 illustrari
844 3550 925 3605 posse
951 3538 1080 3607 existimo,
1107 3555 1169 3589 nam
1197 3555 1242 3589 rex

101 3635 208 3703 'pugna
231 3639 264 3688 ad
284 3638 423 3690 Granicum
448 3638 579 3703 superavit
596 3639 691 3688 Persas
715 3637 765 3688 illo
784 3654 872 3688 mense
890 3634 974 3704 (Plnt.
993 3655 1018 3692 v.
1037 3636 1148 3705 Allo).
1172 3638 1242 3703 quod

10 4105 107 4172 ι

120 3735 193 3786 brevi
211 3743 350 3802 postquam
362 3737 467 3787 transiit
478 3736 574 3786 factum
587 3751 646 3786 esse
659 3742 740 3786 testes
755 3744 815 3786 sunt
824 3738 953 3786 Arrianus
972 3734 1052 3803 (112)
1071 3744 1097 3786 et
1106 3737 1241 3786 Diodorus

122 3833 217 3898 (XVII
236 3833 279 3900 17)
298 3835 463 3884 novilunium
482 3840 543 3883 tunc
562 3834 613 3883 fuit
631 3834 687 3882 Mai
707 3832 749 3900 14,
779 3835 846 3884 circa
864 3835 940 3883 illum
957 3835 1038 3897 igitur
1056 3835 1126 3884 diem
1141 3835 1242 3885 initium

122 3928 214 3980 Daesii
233 3947 291 3981 esse
308 3934 461 3998 ponendum
481 3932 547 3981 mihi
566 3931 674 3996 quidem
693 3947 846 3996 persuasum
864 3931 957 3983 habeo.
976 3932 1024 3981 sed
1043 3948 1098 3982 non
1117 3933 1180 3982 satis
1193 3933 1242 3981 fixe

124 4027 227 4076 fuerunt
246 4045 346 4080 menses
365 4031 497 4097 dispositi,
517 4035 546 4078 ut
565 4035 662 4078 certum
682 4029 782 4092 aliquid
800 4029 847 4078 hac
859 4045 891 4078 ex
909 4045 937 4078 re
955 4036 1047 4094 posset
1058 4030 1190 4080 concludi.
