2642 4242
576 123 753 178 ...14-

105 301 206 365 ludos
230 301 434 383 Olympicos
464 302 545 364 anni
575 302 639 364 336
670 302 867 366 celebratos
897 319 977 364 esse
1001 264 1097 364 circa
1120 299 1242 381 pleni-

105 419 237 481 lunium
260 418 392 481 mensis
407 417 562 498 Augusti
586 435 630 480 ex
651 417 791 480 Nisseni
814 418 873 480 illa
901 418 944 480 de
972 417 1243 481 constituendis

52 608 59 619 ¹
105 533 353 615 Olympiadum
387 534 493 598 initiis
528 535 607 615 lege
645 534 871 614 perspicuum
909 542 972 613 est,
1011 542 1092 614 post
1128 533 1243 614 hoc1)

104 651 211 730 igitur
234 651 402 731 temporis
425 650 617 730 vestigium
639 667 789 730 regnum
812 650 887 712 iniit
910 649 1125 713 Alexander.

212 766 356 830 Octobri
396 767 508 829 mensi
548 765 739 845 primordia
779 783 859 829 esse
900 764 1125 829 attribuenda
1175 765 1239 827 his

106 883 280 964 colligitur
305 883 531 964 argumentis
561 883 597 944 in
621 900 712 963 quae
736 883 897 963 quamvis
920 883 991 945 iam
1020 883 1063 945 ab
1088 881 1239 944 ldelero

105 1008 140 1062 et
163 998 350 1079 Droyseno
380 999 449 1062 sint
477 1007 629 1062 tractata
658 998 772 1061 denuo
801 999 977 1079 inquirere
1005 1016 1077 1061 non
1099 1006 1239 1081 lsuper-

104 1132 300 1178 vacaneum
316 1115 464 1177 videtur.
482 1114 622 1195 scripsit
638 1115 731 1177 enim
746 1113 930 1194 Arrianus,
948 1115 1096 1178 solvisse
1111 1133 1238 1178 naves

104 1231 313 1311 Nearchum,
338 1231 556 1310 praefectum
572 1231 697 1294 classis
710 1231 972 1311 Macedonicae,
993 1249 1073 1294 cum
1088 1231 1237 1311 spirare

67 1354 69 1358 '
105 1347 292 1410 desiissent
308 1347 440 1410 etesiae
456 1347 501 1410 ad
517 1347 593 1410 Indi
608 1347 706 1410 fluvii
722 1348 813 1410 ostia
829 1348 997 1411 vicesimo
1014 1348 1069 1410 die
1090 1348 1237 1410 mensis
1306 1368 1308 1381 ·

104 1463 369 1527 Boedromionis
403 1463 587 1526 undecimo
626 1480 688 1536 εκ,
711 1474 780 1544 quo
818 1445 985 1544 regnaret
1018 1463 1236 1526 Alexander
1306 1464 1308 1497 ;

105 1598 197 1646 anno
227 1579 310 1662 (Ind
339 1579 409 1660 2l):
445 1581 518 1646 τότε
547 1583 586 1659 δὴ
621 1580 768 1660 ὥρμηντο
803 1581 853 1645 ἐπ’
883 1581 1041 1661 ἄρχοντος
1070 1580 1235 1660 Ἀθήνησι

106 1697 349 1776 Κηφισοδώρου,
400 1696 499 1762 εἰκάδι
545 1701 602 1761 τοῦ
651 1699 896 1777 Βοηδρομιῶνος
949 1699 1057 1777 μηνός,
1112 1699 1234 1762 κατότι
1306 1680 1308 1709 ¹

104 1812 266 1891 Ἀθηναῖοι
282 1812 426 1891 ἄγουσιν,
442 1813 488 1891 ὡς
506 1815 540 1878 δὲ
553 1814 583 1877 οἱ
596 1813 781 1892 Μακεδόνες
798 1835 832 1879 τε
848 1816 899 1879 καὶ
912 1813 1054 1878 Ἀσιανοὶ
1065 1813 1147 1892 ἠγον
1163 1866 1170 1877 .
1185 1866 1193 1878 .
1207 1867 1234 1878 ..

104 1931 142 1995 τὸ
166 1930 336 1994 ἑνδέκατον
361 1929 590 2008 βασιλεύοντος
614 1929 832 2008 Ἀλεξάνδρου.
861 1946 1030 2008 perverse
1054 1929 1121 1992 hoc
1145 1929 1233 1991 loco
1306 1910 1308 1937 '

105 2043 383 2123 Cephisodorum
407 2042 611 2108 archontem
641 2062 720 2106 esse
749 2045 966 2108 nominatum
990 2046 1034 2107 ab
1058 2043 1231 2123 Arriano,
1306 2042 1308 2093 ι

104 2168 184 2239 post
213 2177 352 2221 vocem:
384 2161 446 2238 ,μδς
476 2163 512 2224 δὲ
541 2162 572 2225 οἱ
601 2161 786 2240 Μακεδόνες
816 2183 850 2226 τε
879 2164 930 2226 καὶ
954 2161 1095 2226 Ἀσιανοὶ
1123 2160 1232 2239 ἦγον“

105 2275 196 2338 diem
207 2274 433 2338 Macedonice
444 2283 604 2339 notatum
616 2276 836 2339 intercidisse
848 2277 1001 2339 ostendit
1012 2275 1232 2355 Droysenus

105 2391 244 2474 (aesca.
269 2389 372 2453 Alex.
398 2391 429 2454 a.
455 2390 515 2453 or.
540 2390 571 2453 υ
595 2392 682 2473 350).
711 2432 748 2439 -
1306 2372 1308 2379 '

167 2514 169 2520 ’
210 2507 265 2570 Ex
281 2507 336 2570 his
348 2506 500 2587 Arriani,
525 2524 605 2569 cum
622 2524 691 2588 quo
707 2508 743 2569 in
759 2508 814 2570 die
830 2507 964 2570 Iuliano
980 2508 1025 2570 sit
1039 2508 1233 2586 ponendus

101 2623 290 2686 vicesimus
303 2623 568 2686 Boedromionis
580 2641 651 2688 non
664 2632 811 2703 constet,
824 2624 910 2686 nihil
927 2625 1014 2687 certi
1031 2633 1126 2687 esset
1141 2641 1230 2706 cog·
1306 2646 1308 2719 ι

101 2739 327 2819 noscendum,
345 2739 413 2802 nisi
430 2739 613 2803 Nearchus
626 2740 701 2819 ipse
725 2739 940 2819 significaret
958 2740 1230 2804 accuratissime

102 2864 250 2934 tempus
290 2873 359 2936 quo
387 2855 651 2936 navigationem
686 2856 782 2918 illam
810 2855 940 2936 incepit
975 2856 1229 2920 observatione
1306 2849 1308 2931 ζ

103 2971 255 3035 caelesti.
287 2990 308 3034 a
332 2971 505 3035 Strabone
535 2971 701 3034 traditum
731 2980 785 3034 est
809 2970 889 3055 (XV
914 2971 1006 3054 721):
1031 2975 1083 3037 καὶ
1102 2975 1146 3052 Ιδη
1170 2977 1227 3039 καί

102 3104 204 3169 φησιν
233 3089 251 3152 δ
277 3091 429 3168 Νέαρχος,
463 3089 523 3168 ἤδη
553 3093 611 3153 τοῦ
642 3091 800 3169 βασιλέως
835 3093 1007 3168 τελοῦντος
1042 3092 1101 3168 τὴν
1136 3090 1227 3167 ὁδὸν,

102 3205 199 3284 αὐτὸς
230 3205 418 3283 μετοπώρου
448 3204 528 3269 κατά
561 3205 725 3284 Πλειάδος
755 3207 906 3283 ἐπιτολὴν
935 3206 1090 3284 ἑσπερίαν
1123 3205 1225 3284 ἄρξας

101 3325 159 3386 τοῦ
190 3325 283 3397 πλοῦ,
318 3322 412 3400 μήπω
442 3323 499 3399 μὲν
528 3325 594 3386 τῶν
622 3322 815 3401 πνευμάτων
849 3322 974 3386 οἰκείων
1010 3321 1122 3398 ὄντων,
1156 3326 1225 3387 τῶν
1306 3386 1308 3389 .

101 3439 137 3502 δὲ
189 3437 358 3517 βαρβάρων
407 3436 655 3516 ἐπιχειρούντων
685 3458 691 3469 ·
719 3439 830 3517 αὐτοῖς
881 3440 932 3501 καὶ
984 3439 1224 3505 ἐξελαυνόντων
1306 3430 1308 3507 i

101 3552 413 3632 καταθαρῤῆσαιγὰρ
425 3551 624 3632 ἀπελθόντος
637 3558 695 3619 τοῦ
714 3555 871 3634 βασιλέως
879 3554 1223 3633 καὶέλευθεριάσαι.-
1306 3584 1308 3631 ;

208 3667 373 3747 Ιάελεκυε,
404 3685 508 3748 quem
531 3677 675 3731 secutus
705 3678 759 3732 est
781 3668 1001 3749 Droysenus,
1026 3686 1107 3732 cum
1130 3686 1221 3731 com·
1306 3732 1308 3765 ÷

100 3792 201 3863 paret
224 3783 431 3846 vicesimum
460 3784 552 3846 diem
575 3783 841 3847 Boedromionis
870 3802 951 3848 cum
973 3784 1149 3866 Septemb.
1177 3784 1218 3848 21
1306 3768 1308 3845 ἶ

202 3945 227 4010 η
242 3933 423 4014 'Pleminium
442 3947 525 3996 ruisse
544 3949 614 4010 Aug.
634 3945 670 3998 aa
688 3962 723 3997 ex
747 3947 815 3996 noro
834 3947 1043 4014 mascusium,
1067 3947 1224 4015 „annuer-

102 4044 284 4108 compendium
303 4045 349 4093 der
366 4044 536 4095 christlichen
554 4044 765 4108 Zeitrechnung“
782 4046 905 4111 inscripto
924 4046 1079 4113 computav'u
