<?xml version="1.0" encoding="UTF-8"?>
<!DOCTYPE html PUBLIC "-//W3C//DTD XHTML 1.0 Transitional//EN"
    "http://www.w3.org/TR/xhtml1/DTD/xhtml1-transitional.dtd">
<html xmlns="http://www.w3.org/1999/xhtml" xml:lang="en" lang="en">
 <head>
  <title>
</title>
<meta http-equiv="Content-Type" content="text/html;charset=utf-8" />
  <meta name='ocr-system' content='tesseract 3.04.00' />
  <meta name='ocr-capabilities' content='ocr_page ocr_carea ocr_par ocr_line ocrx_word'/>
</head>
<body>
  <div class='ocr_page' id='page_1' title='image "./commentationisd00geiegoog_0091.png"; bbox 0 0 2642 4242; ppageno 0'>
   <div class='ocr_carea' id='block_1_1' title="bbox 530 253 751 318">
    <p class='ocr_par' dir='ltr' id='par_1_1' title="bbox 530 253 751 318">
     <span class='ocr_line' id='line_1_1' title="bbox 530 253 751 318; baseline 0.014 -21"><span class='ocrx_word' id='word_1_1' title='bbox 530 253 751 318; x_wconf 78' lang='lat'><strong>...33..</strong></span> 
     </span>
    </p>
   </div>
   <div class='ocr_carea' id='block_1_2' title="bbox 99 412 1316 515">
    <p class='ocr_par' dir='ltr' id='par_1_2' title="bbox 99 412 1316 515">
     <span class='ocr_line' id='line_1_2' title="bbox 99 412 1316 515; baseline 0.007 -25"><span class='ocrx_word' id='word_1_2' title='bbox 99 426 173 491; x_wconf 86' lang='lat' dir='ltr'>atis</span> <span class='ocrx_word' id='word_1_3' title='bbox 197 425 280 509; x_wconf 87' lang='lat' dir='ltr'>licet,</span> <span class='ocrx_word' id='word_1_4' title='bbox 306 434 364 493; x_wconf 90' lang='lat' dir='ltr'>aut</span> <span class='ocrx_word' id='word_1_5' title='bbox 386 429 581 494; x_wconf 90' lang='lat' dir='ltr'>intraturum</span> <span class='ocrx_word' id='word_1_6' title='bbox 607 453 658 494; x_wconf 93' lang='lat' dir='ltr'>me</span> <span class='ocrx_word' id='word_1_7' title='bbox 683 430 794 495; x_wconf 90' lang='lat' dir='ltr'>urbem</span> <span class='ocrx_word' id='word_1_8' title='bbox 812 437 869 495; x_wconf 87' lang='lat' dir='ltr'>aut</span> <span class='ocrx_word' id='word_1_9' title='bbox 885 434 1176 515; x_wconf 77' lang='lat' dir='ltr'>oppugnaturum,“</span> <span class='ocrx_word' id='word_1_10' title='bbox 1236 436 1238 441; x_wconf 81' lang='grc'><strong>’</strong></span> <span class='ocrx_word' id='word_1_11' title='bbox 1315 412 1316 415; x_wconf 16' lang='lat'>¹</span> 
     </span>
    </p>
   </div>
   <div class='ocr_carea' id='block_1_3' title="bbox 98 530 1233 3853">
    <p class='ocr_par' dir='ltr' id='par_1_3' title="bbox 98 530 1176 727">
     <span class='ocr_line' id='line_1_3' title="bbox 101 530 1176 625; baseline 0.009 -29"><span class='ocrx_word' id='word_1_12' title='bbox 101 530 184 614; x_wconf 76' lang='lat' dir='ltr'>Quo</span> <span class='ocrx_word' id='word_1_13' title='bbox 225 556 265 599; x_wconf 90' lang='lat' dir='ltr'>ex</span> <span class='ocrx_word' id='word_1_14' title='bbox 302 534 373 601; x_wconf 88' lang='lat' dir='ltr'>loco</span> <span class='ocrx_word' id='word_1_15' title='bbox 415 537 509 601; x_wconf 89' lang='lat' dir='ltr'>facile</span> <span class='ocrx_word' id='word_1_16' title='bbox 540 537 718 620; x_wconf 88' lang='lat' dir='ltr'>intelligere</span> <span class='ocrx_word' id='word_1_17' title='bbox 750 559 860 622; x_wconf 87' lang='lat' dir='ltr'>posses</span> <span class='ocrx_word' id='word_1_18' title='bbox 894 538 1041 605; x_wconf 77' lang='lat' dir='ltr'>Curtium</span> <span class='ocrx_word' id='word_1_19' title='bbox 1072 541 1176 625; x_wconf 92' lang='lat' dir='ltr'>ipsum</span> 
     </span>
     <span class='ocr_line' id='line_1_4' title="bbox 98 640 466 727; baseline 0.016 -25"><span class='ocrx_word' id='word_1_20' title='bbox 98 640 269 706; x_wconf 79' lang='lat' dir='ltr'><strong>rhetorice</strong></span> <span class='ocrx_word' id='word_1_21' title='bbox 293 644 466 727; x_wconf 83' lang='lat' dir='ltr'>scripsisse.</span> 
     </span>
    </p>

    <p class='ocr_par' dir='ltr' id='par_1_4' title="bbox 101 748 1233 3853">
     <span class='ocr_line' id='line_1_5' title="bbox 201 748 1177 839; baseline 0.007 -25"><span class='ocrx_word' id='word_1_22' title='bbox 201 748 293 832; x_wconf 74' lang='lat' dir='ltr'>Quae</span> <span class='ocrx_word' id='word_1_23' title='bbox 316 757 494 837; x_wconf 90' lang='lat' dir='ltr'>sequuntur</span> <span class='ocrx_word' id='word_1_24' title='bbox 518 752 604 837; x_wconf 85' lang='lat' dir='ltr'>apud</span> <span class='ocrx_word' id='word_1_25' title='bbox 629 753 778 819; x_wconf 81' lang='lat' dir='ltr'><strong>Curtium</strong></span> <span class='ocrx_word' id='word_1_26' title='bbox 802 754 862 825; x_wconf 87' lang='lat' dir='ltr'>IV.</span> <span class='ocrx_word' id='word_1_27' title='bbox 888 760 917 837; x_wconf 59' lang='grc'>2,,</span> <span class='ocrx_word' id='word_1_28' title='bbox 953 759 970 817; x_wconf 88' lang='grc'><strong>7</strong></span> <span class='ocrx_word' id='word_1_29' title='bbox 996 755 1177 839; x_wconf 81' lang='lat' dir='ltr'>exemphrm</span> 
     </span>
     <span class='ocr_line' id='line_1_6' title="bbox 102 851 1176 947; baseline 0.007 -27"><span class='ocrx_word' id='word_1_30' title='bbox 102 864 160 921; x_wconf 87' lang='lat' dir='ltr'>est</span> <span class='ocrx_word' id='word_1_31' title='bbox 182 857 333 923; x_wconf 90' lang='lat' dir='ltr'>idoneum</span> <span class='ocrx_word' id='word_1_32' title='bbox 357 858 399 923; x_wconf 88' lang='lat' dir='ltr'>ad</span> <span class='ocrx_word' id='word_1_33' title='bbox 422 851 579 926; x_wconf 89' lang='lat' dir='ltr'>rationem</span> <span class='ocrx_word' id='word_1_34' title='bbox 603 882 667 947; x_wconf 86' lang='lat' dir='ltr'>qua</span> <span class='ocrx_word' id='word_1_35' title='bbox 685 860 740 925; x_wconf 89' lang='lat' dir='ltr'>ille</span> <span class='ocrx_word' id='word_1_36' title='bbox 758 868 869 926; x_wconf 88' lang='lat' dir='ltr'>auctor</span> <span class='ocrx_word' id='word_1_37' title='bbox 886 861 1019 927; x_wconf 88' lang='lat' dir='ltr'>diversis</span> <span class='ocrx_word' id='word_1_38' title='bbox 1036 862 1176 928; x_wconf 81' lang='lat' dir='ltr'>sontibus</span> 
     </span>
     <span class='ocr_line' id='line_1_7' title="bbox 103 966 1176 1048; baseline 0.007 -20"><span class='ocrx_word' id='word_1_39' title='bbox 103 986 187 1029; x_wconf 86' lang='lat' dir='ltr'>usus</span> <span class='ocrx_word' id='word_1_40' title='bbox 212 966 253 1030; x_wconf 89' lang='lat' dir='ltr'>sit</span> <span class='ocrx_word' id='word_1_41' title='bbox 276 988 395 1048; x_wconf 89' lang='lat' dir='ltr'>eosque</span> <span class='ocrx_word' id='word_1_42' title='bbox 418 968 503 1031; x_wconf 87' lang='lat' dir='ltr'>inter</span> <span class='ocrx_word' id='word_1_43' title='bbox 526 990 560 1032; x_wconf 89' lang='lat' dir='ltr'>se</span> <span class='ocrx_word' id='word_1_44' title='bbox 583 968 733 1039; x_wconf 79' lang='lat' dir='ltr'>iunxerit,</span> <span class='ocrx_word' id='word_1_45' title='bbox 772 967 859 1031; x_wconf 90' lang='lat' dir='ltr'>Nam</span> <span class='ocrx_word' id='word_1_46' title='bbox 883 967 1029 1035; x_wconf 90' lang='lat' dir='ltr'>hocloco</span> <span class='ocrx_word' id='word_1_47' title='bbox 1047 970 1176 1035; x_wconf 89' lang='lat' dir='ltr'>Curtius</span> 
     </span>
     <span class='ocr_line' id='line_1_8' title="bbox 101 1071 1176 1155; baseline 0.005 -21"><span class='ocrx_word' id='word_1_48' title='bbox 101 1079 223 1135; x_wconf 89' lang='lat' dir='ltr'>narrat</span> <span class='ocrx_word' id='word_1_49' title='bbox 239 1071 353 1155; x_wconf 78' lang='lat' dir='ltr'>Tyrios</span> <span class='ocrx_word' id='word_1_50' title='bbox 376 1073 496 1138; x_wconf 89' lang='lat' dir='ltr'>fiducia</span> <span class='ocrx_word' id='word_1_51' title='bbox 518 1075 641 1139; x_wconf 88' lang='lat' dir='ltr'>insulae</span> <span class='ocrx_word' id='word_1_52' title='bbox 666 1074 865 1140; x_wconf 80' lang='lat' dir='ltr'>obsidionem</span> <span class='ocrx_word' id='word_1_53' title='bbox 890 1076 973 1140; x_wconf 82' lang='lat' dir='ltr'>terre</span> <span class='ocrx_word' id='word_1_54' title='bbox 990 1076 1176 1143; x_wconf 86' lang='lat' dir='ltr'>decrevisse.</span> 
     </span>
     <span class='ocr_line' id='line_1_9' title="bbox 102 1177 1178 1268; baseline 0.007 -25"><span class='ocrx_word' id='word_1_55' title='bbox 102 1177 206 1261; x_wconf 76' lang='lat' dir='ltr'>Quod</span> <span class='ocrx_word' id='word_1_56' title='bbox 222 1180 387 1245; x_wconf 89' lang='lat' dir='ltr'>Diodorus</span> <span class='ocrx_word' id='word_1_57' title='bbox 412 1180 478 1266; x_wconf 99' lang='grc'>(40,</span> <span class='ocrx_word' id='word_1_58' title='bbox 504 1183 539 1268; x_wconf 90' lang='lat'>3)</span> <span class='ocrx_word' id='word_1_59' title='bbox 564 1205 692 1266; x_wconf 79' lang='lat' dir='ltr'>quoque</span> <span class='ocrx_word' id='word_1_60' title='bbox 716 1184 824 1265; x_wconf 82' lang='lat' dir='ltr'><strong>refert,</strong></span> <span class='ocrx_word' id='word_1_61' title='bbox 851 1184 905 1266; x_wconf 87' lang='lat' dir='ltr'>qui</span> <span class='ocrx_word' id='word_1_62' title='bbox 921 1206 1036 1249; x_wconf 82' lang='lat' dir='ltr'>causas</span> <span class='ocrx_word' id='word_1_63' title='bbox 1060 1185 1178 1251; x_wconf 88' lang='lat' dir='ltr'>adiecit</span> 
     </span>
     <span class='ocr_line' id='line_1_10' title="bbox 104 1286 1177 1381; baseline 0.011 -32"><span class='ocrx_word' id='word_1_64' title='bbox 104 1286 225 1369; x_wconf 87' lang='lat' dir='ltr'>quibus</span> <span class='ocrx_word' id='word_1_65' title='bbox 250 1287 327 1371; x_wconf 82' lang='lat' dir='ltr'>Tyri</span> <span class='ocrx_word' id='word_1_66' title='bbox 351 1290 502 1355; x_wconf 90' lang='lat' dir='ltr'>commoti</span> <span class='ocrx_word' id='word_1_67' title='bbox 527 1298 641 1359; x_wconf 78' lang='lat' dir='ltr'>essent.</span> <span class='ocrx_word' id='word_1_68' title='bbox 690 1290 750 1356; x_wconf 84' lang='lat' dir='ltr'>Ait</span> <span class='ocrx_word' id='word_1_69' title='bbox 775 1292 857 1356; x_wconf 90' lang='lat' dir='ltr'>enim</span> <span class='ocrx_word' id='word_1_70' title='bbox 882 1290 981 1360; x_wconf 86' lang='lat' dir='ltr'>haec:</span> <span class='ocrx_word' id='word_1_71' title='bbox 1011 1294 1043 1359; x_wconf 85' lang='grc' dir='ltr'>οἱ</span> <span class='ocrx_word' id='word_1_72' title='bbox 1071 1294 1177 1381; x_wconf 67' lang='grc' dir='ltr'><em>Τύριοι</em></span> 
     </span>
     <span class='ocr_line' id='line_1_11' title="bbox 104 1390 1176 1485; baseline 0.007 -24"><span class='ocrx_word' id='word_1_73' title='bbox 104 1396 366 1483; x_wconf 73' lang='grc' dir='ltr'>τεθαρρηκότως</span> <span class='ocrx_word' id='word_1_74' title='bbox 389 1393 553 1483; x_wconf 61' lang='lat' dir='ltr'>uiuiparos</span> <span class='ocrx_word' id='word_1_75' title='bbox 577 1398 637 1485; x_wconf 74' lang='grc' dir='ltr'>τὴν</span> <span class='ocrx_word' id='word_1_76' title='bbox 665 1404 859 1485; x_wconf 79' lang='grc' dir='ltr'><em>πολιορκίαν</em></span> <span class='ocrx_word' id='word_1_77' title='bbox 877 1398 889 1467; x_wconf 58' lang='grc'>’,</span> <span class='ocrx_word' id='word_1_78' title='bbox 915 1454 922 1469; x_wconf 90' lang='grc'><strong>.</strong></span> <span class='ocrx_word' id='word_1_79' title='bbox 946 1390 1012 1484; x_wconf 69' lang='grc' dir='ltr'>ἅμα</span> <span class='ocrx_word' id='word_1_80' title='bbox 1026 1462 1028 1467; x_wconf 90' lang='grc'>,</span> <span class='ocrx_word' id='word_1_81' title='bbox 1043 1404 1079 1468; x_wconf 76' lang='grc' dir='ltr'>δὲ</span> <span class='ocrx_word' id='word_1_82' title='bbox 1107 1422 1176 1469; x_wconf 81' lang='grc' dir='ltr'><em>πισ-</em></span> 
     </span>
     <span class='ocr_line' id='line_1_12' title="bbox 104 1502 1177 1595; baseline 0.007 -28"><span class='ocrx_word' id='word_1_83' title='bbox 104 1503 263 1589; x_wconf 67' lang='grc' dir='ltr'>τεύοντες</span> <span class='ocrx_word' id='word_1_84' title='bbox 296 1511 355 1592; x_wconf 73' lang='grc' dir='ltr'>τῆς</span> <span class='ocrx_word' id='word_1_85' title='bbox 389 1532 424 1572; x_wconf 80' lang='grc' dir='ltr'>τι</span> <span class='ocrx_word' id='word_1_86' title='bbox 448 1502 626 1592; x_wconf 77' lang='grc' dir='ltr'><em>ὀχυρότητι</em></span> <span class='ocrx_word' id='word_1_87' title='bbox 658 1512 716 1592; x_wconf 77' lang='grc' dir='ltr'>τῆς</span> <span class='ocrx_word' id='word_1_88' title='bbox 739 1506 839 1592; x_wconf 80' lang='grc' dir='ltr'><em>νήσου</em></span> <span class='ocrx_word' id='word_1_89' title='bbox 863 1512 917 1573; x_wconf 81' lang='grc' dir='ltr'>καὶ</span> <span class='ocrx_word' id='word_1_90' title='bbox 942 1520 1012 1581; x_wconf 78' lang='grc' dir='ltr'><em>ταῖς</em></span> <span class='ocrx_word' id='word_1_91' title='bbox 1035 1510 1070 1575; x_wconf 81' lang='grc' dir='ltr'>ἐν</span> <span class='ocrx_word' id='word_1_92' title='bbox 1094 1505 1177 1595; x_wconf 60' lang='lat' dir='ltr'>scirpi</span> 
     </span>
     <span class='ocr_line' id='line_1_13' title="bbox 105 1608 1175 1701; baseline 0.004 -22"><span class='ocrx_word' id='word_1_93' title='bbox 105 1626 337 1698; x_wconf 65' lang='grc' dir='ltr'>παρασκευαῖς,</span> <span class='ocrx_word' id='word_1_94' title='bbox 362 1614 411 1680; x_wconf 75' lang='grc' dir='ltr'>ἔτι</span> <span class='ocrx_word' id='word_1_95' title='bbox 436 1616 470 1680; x_wconf 77' lang='grc' dir='ltr'>δὲ</span> <span class='ocrx_word' id='word_1_96' title='bbox 497 1628 566 1687; x_wconf 73' lang='grc' dir='ltr'><em>τοῖς</em></span> <span class='ocrx_word' id='word_1_97' title='bbox 590 1609 770 1699; x_wconf 67' lang='grc' dir='ltr'><em>ἀπογόνοις</em></span> <span class='ocrx_word' id='word_1_98' title='bbox 794 1608 904 1681; x_wconf 55' lang='lat' dir='ltr'>nitran</span> <span class='ocrx_word' id='word_1_99' title='bbox 929 1619 1175 1701; x_wconf 79' lang='grc' dir='ltr'><em>Καρχηδονίοις.</em></span> 
     </span>
     <span class='ocr_line' id='line_1_14' title="bbox 103 1716 1175 1800; baseline 0.008 -21"><span class='ocrx_word' id='word_1_100' title='bbox 103 1716 166 1780; x_wconf 88' lang='lat' dir='ltr'>Ad</span> <span class='ocrx_word' id='word_1_101' title='bbox 198 1717 279 1782; x_wconf 88' lang='lat' dir='ltr'>haec</span> <span class='ocrx_word' id='word_1_102' title='bbox 311 1718 457 1783; x_wconf 84' lang='lat' dir='ltr'>conferas</span> <span class='ocrx_word' id='word_1_103' title='bbox 483 1740 566 1800; x_wconf 85' lang='lat' dir='ltr'>quae</span> <span class='ocrx_word' id='word_1_104' title='bbox 590 1716 720 1783; x_wconf 89' lang='lat' dir='ltr'>Curtius</span> <span class='ocrx_word' id='word_1_105' title='bbox 744 1718 805 1790; x_wconf 71' lang='lat' dir='ltr'>ru</span> <span class='ocrx_word' id='word_1_106' title='bbox 831 1724 860 1799; x_wconf 91' lang='grc'>2,</span> <span class='ocrx_word' id='word_1_107' title='bbox 888 1725 904 1782; x_wconf 85' lang='grc'>7</span> <span class='ocrx_word' id='word_1_108' title='bbox 932 1726 964 1785; x_wconf 93' lang='lat' dir='ltr'>et</span> <span class='ocrx_word' id='word_1_109' title='bbox 989 1725 1028 1787; x_wconf 94' lang='grc'>11</span> <span class='ocrx_word' id='word_1_110' title='bbox 1054 1731 1175 1795; x_wconf 79' lang='lat' dir='ltr'>narrat</span> 
     </span>
     <span class='ocr_line' id='line_1_15' title="bbox 104 1824 1233 1912; baseline 0.004 -23"><span class='ocrx_word' id='word_1_111' title='bbox 104 1824 191 1889; x_wconf 89' lang='lat' dir='ltr'>Inde</span> <span class='ocrx_word' id='word_1_112' title='bbox 222 1848 243 1889; x_wconf 87' lang='lat' dir='ltr'>a</span> <span class='ocrx_word' id='word_1_113' title='bbox 272 1826 376 1891; x_wconf 84' lang='lat' dir='ltr'>verbis</span> <span class='ocrx_word' id='word_1_114' title='bbox 412 1847 572 1908; x_wconf 86' lang='lat' dir='ltr'>„namque</span> <span class='ocrx_word' id='word_1_115' title='bbox 605 1825 718 1890; x_wconf 89' lang='lat' dir='ltr'>urbem</span> <span class='ocrx_word' id='word_1_116' title='bbox 747 1848 766 1890; x_wconf 89' lang='lat' dir='ltr'>a</span> <span class='ocrx_word' id='word_1_117' title='bbox 791 1827 966 1892; x_wconf 90' lang='lat' dir='ltr'>continenti</span> <span class='ocrx_word' id='word_1_118' title='bbox 990 1835 1050 1900; x_wconf 77' lang='lat' dir='ltr'>etc,</span> <span class='ocrx_word' id='word_1_119' title='bbox 1075 1851 1186 1912; x_wconf 82' lang='lat' dir='ltr'>usque</span> <span class='ocrx_word' id='word_1_120' title='bbox 1232 1869 1233 1872; x_wconf 61' lang='lat'><em>=</em></span> 
     </span>
     <span class='ocr_line' id='line_1_16' title="bbox 106 1930 1175 2016; baseline 0.003 -19"><span class='ocrx_word' id='word_1_121' title='bbox 106 1932 151 1997; x_wconf 86' lang='lat' dir='ltr'>ad</span> <span class='ocrx_word' id='word_1_122' title='bbox 183 1935 267 2016; x_wconf 74' lang='lat'>§11</span> <span class='ocrx_word' id='word_1_123' title='bbox 300 1930 432 1997; x_wconf 90' lang='lat' dir='ltr'>Curtius</span> <span class='ocrx_word' id='word_1_124' title='bbox 465 1934 696 2016; x_wconf 83' lang='lat' dir='ltr'>expositionem</span> <span class='ocrx_word' id='word_1_125' title='bbox 735 1940 767 1999; x_wconf 87' lang='lat' dir='ltr'>et</span> <span class='ocrx_word' id='word_1_126' title='bbox 800 1934 1077 2001; x_wconf 88' lang='lat' dir='ltr'>confirmationem</span> <span class='ocrx_word' id='word_1_127' title='bbox 1110 1958 1175 2001; x_wconf 91' lang='lat' dir='ltr'>ver·</span> 
     </span>
     <span class='ocr_line' id='line_1_17' title="bbox 104 2035 1177 2125; baseline 0.003 -20"><span class='ocrx_word' id='word_1_128' title='bbox 104 2041 241 2110; x_wconf 85' lang='lat' dir='ltr'>borum:</span> <span class='ocrx_word' id='word_1_129' title='bbox 280 2035 348 2125; x_wconf 76' lang='lat' dir='ltr'>„illi</span> <span class='ocrx_word' id='word_1_130' title='bbox 381 2040 454 2106; x_wconf 89' lang='lat' dir='ltr'>loco</span> <span class='ocrx_word' id='word_1_131' title='bbox 487 2042 566 2105; x_wconf 88' lang='lat' dir='ltr'>satis</span> <span class='ocrx_word' id='word_1_132' title='bbox 597 2040 669 2104; x_wconf 64' lang='lat' dir='ltr'>fisir</span> <span class='ocrx_word' id='word_1_133' title='bbox 695 2041 792 2112; x_wconf 84' lang='lat' dir='ltr'>dedit.</span> <span class='ocrx_word' id='word_1_134' title='bbox 850 2038 1074 2125; x_wconf 77' lang='lat' dir='ltr'>Congruenter</span> <span class='ocrx_word' id='word_1_135' title='bbox 1106 2064 1177 2108; x_wconf 87' lang='lat' dir='ltr'>cum</span> 
     </span>
     <span class='ocr_line' id='line_1_18' title="bbox 105 2146 1177 2231; baseline 0.005 -19"><span class='ocrx_word' id='word_1_136' title='bbox 105 2146 257 2212; x_wconf 91' lang='lat' dir='ltr'>Diodoro</span> <span class='ocrx_word' id='word_1_137' title='bbox 297 2154 410 2213; x_wconf 88' lang='lat' dir='ltr'>narrat</span> <span class='ocrx_word' id='word_1_138' title='bbox 450 2154 606 2231; x_wconf 86' lang='lat' dir='ltr'>quattuor</span> <span class='ocrx_word' id='word_1_139' title='bbox 646 2149 825 2213; x_wconf 89' lang='lat' dir='ltr'>stadiorum</span> <span class='ocrx_word' id='word_1_140' title='bbox 858 2148 977 2213; x_wconf 82' lang='lat' dir='ltr'>fretum</span> <span class='ocrx_word' id='word_1_141' title='bbox 1010 2150 1121 2220; x_wconf 85' lang='lat' dir='ltr'>urbem</span> <span class='ocrx_word' id='word_1_142' title='bbox 1157 2174 1177 2217; x_wconf 86' lang='lat' dir='ltr'>a</span> 
     </span>
     <span class='ocr_line' id='line_1_19' title="bbox 107 2254 1176 2340; baseline 0.005 -21"><span class='ocrx_word' id='word_1_143' title='bbox 107 2256 285 2320; x_wconf 87' lang='lat' dir='ltr'>continenti</span> <span class='ocrx_word' id='word_1_144' title='bbox 317 2256 477 2327; x_wconf 83' lang='lat' dir='ltr'>dividisse,</span> <span class='ocrx_word' id='word_1_145' title='bbox 525 2254 617 2339; x_wconf 79' lang='lat' dir='ltr'>Quae</span> <span class='ocrx_word' id='word_1_146' title='bbox 650 2263 827 2339; x_wconf 87' lang='lat' dir='ltr'>sequuntur</span> <span class='ocrx_word' id='word_1_147' title='bbox 858 2257 945 2340; x_wconf 88' lang='lat' dir='ltr'>apud</span> <span class='ocrx_word' id='word_1_148' title='bbox 969 2258 1116 2323; x_wconf 79' lang='lat' dir='ltr'>Curtium</span> <span class='ocrx_word' id='word_1_149' title='bbox 1144 2261 1176 2324; x_wconf 95' lang='lat' dir='ltr'>in</span> 
     </span>
     <span class='ocr_line' id='line_1_20' title="bbox 106 2362 1176 2449; baseline 0.004 -22"><span class='ocrx_word' id='word_1_150' title='bbox 106 2362 149 2449; x_wconf 58' lang='grc' dir='ltr'>ἐξ</span> <span class='ocrx_word' id='word_1_151' title='bbox 182 2366 200 2427; x_wconf 82' lang='grc'>7</span> <span class='ocrx_word' id='word_1_152' title='bbox 233 2369 266 2427; x_wconf 92' lang='lat' dir='ltr'>et</span> <span class='ocrx_word' id='word_1_153' title='bbox 291 2370 321 2427; x_wconf 83' lang='grc'>,8</span> <span class='ocrx_word' id='word_1_154' title='bbox 355 2387 396 2431; x_wconf 82' lang='lat' dir='ltr'>ex</span> <span class='ocrx_word' id='word_1_155' title='bbox 430 2365 525 2429; x_wconf 89' lang='lat' dir='ltr'>tertio</span> <span class='ocrx_word' id='word_1_156' title='bbox 559 2365 700 2447; x_wconf 87' lang='lat' dir='ltr'>quodam</span> <span class='ocrx_word' id='word_1_157' title='bbox 732 2364 835 2447; x_wconf 84' lang='lat' dir='ltr'>fonte,</span> <span class='ocrx_word' id='word_1_158' title='bbox 879 2388 974 2448; x_wconf 87' lang='lat' dir='ltr'>quem</span> <span class='ocrx_word' id='word_1_159' title='bbox 1007 2366 1040 2428; x_wconf 94' lang='lat' dir='ltr'>in</span> <span class='ocrx_word' id='word_1_160' title='bbox 1070 2368 1176 2449; x_wconf 89' lang='lat' dir='ltr'>capite</span> 
     </span>
     <span class='ocr_line' id='line_1_21' title="bbox 106 2461 1175 2555; baseline 0.007 -20"><span class='ocrx_word' id='word_1_161' title='bbox 106 2478 263 2554; x_wconf 90' lang='lat' dir='ltr'>sequente</span> <span class='ocrx_word' id='word_1_162' title='bbox 287 2472 483 2553; x_wconf 84' lang='lat' dir='ltr'>quaestionis</span> <span class='ocrx_word' id='word_1_163' title='bbox 508 2461 688 2537; x_wconf 84' lang='lat' dir='ltr'>accuratius</span> <span class='ocrx_word' id='word_1_164' title='bbox 714 2494 941 2555; x_wconf 82' lang='lat' dir='ltr'>cognoscemus</span> <span class='ocrx_word' id='word_1_165' title='bbox 958 2474 1075 2538; x_wconf 87' lang='lat' dir='ltr'>hausta</span> <span class='ocrx_word' id='word_1_166' title='bbox 1091 2479 1175 2543; x_wconf 89' lang='lat' dir='ltr'>sunt.</span> 
     </span>
     <span class='ocr_line' id='line_1_22' title="bbox 106 2579 1177 2666; baseline 0.002 -22"><span class='ocrx_word' id='word_1_167' title='bbox 106 2580 257 2662; x_wconf 90' lang='lat' dir='ltr'>Denique</span> <span class='ocrx_word' id='word_1_168' title='bbox 290 2601 373 2663; x_wconf 89' lang='lat' dir='ltr'>quae</span> <span class='ocrx_word' id='word_1_169' title='bbox 404 2580 492 2663; x_wconf 89' lang='lat' dir='ltr'>apud</span> <span class='ocrx_word' id='word_1_170' title='bbox 524 2579 672 2645; x_wconf 81' lang='lat' dir='ltr'>Curtium</span> <span class='ocrx_word' id='word_1_171' title='bbox 706 2582 766 2653; x_wconf 51' lang='lat' dir='ltr'>IV·</span> <span class='ocrx_word' id='word_1_172' title='bbox 793 2584 822 2666; x_wconf 91' lang='grc'>2,</span> <span class='ocrx_word' id='word_1_173' title='bbox 857 2588 875 2645; x_wconf 85' lang='grc'><strong>9</strong></span> <span class='ocrx_word' id='word_1_174' title='bbox 904 2588 1079 2646; x_wconf 90' lang='lat' dir='ltr'>narrantur</span> <span class='ocrx_word' id='word_1_175' title='bbox 1102 2587 1177 2646; x_wconf 91' lang='lat' dir='ltr'>sunt</span> 
     </span>
     <span class='ocr_line' id='line_1_23' title="bbox 107 2676 1174 2772; baseline 0.001 -19"><span class='ocrx_word' id='word_1_176' title='bbox 107 2688 373 2771; x_wconf 86' lang='lat' dir='ltr'>amplificationes</span> <span class='ocrx_word' id='word_1_177' title='bbox 398 2709 509 2754; x_wconf 91' lang='lat' dir='ltr'>eorum</span> <span class='ocrx_word' id='word_1_178' title='bbox 534 2710 617 2771; x_wconf 87' lang='lat' dir='ltr'>quae</span> <span class='ocrx_word' id='word_1_179' title='bbox 640 2688 806 2754; x_wconf 90' lang='lat' dir='ltr'>Diodorus</span> <span class='ocrx_word' id='word_1_180' title='bbox 829 2693 882 2771; x_wconf 90' lang='grc'>40,</span> <span class='ocrx_word' id='word_1_181' title='bbox 898 2676 938 2755; x_wconf 68' lang='lat'>‘4</span> <span class='ocrx_word' id='word_1_182' title='bbox 960 2689 1072 2772; x_wconf 79' lang='lat' dir='ltr'>refert,</span> <span class='ocrx_word' id='word_1_183' title='bbox 1098 2689 1174 2754; x_wconf 90' lang='lat' dir='ltr'>dum</span> 
     </span>
     <span class='ocr_line' id='line_1_24' title="bbox 105 2795 1175 2884; baseline 0 -23"><span class='ocrx_word' id='word_1_184' title='bbox 105 2797 161 2861; x_wconf 90' lang='lat' dir='ltr'>ille</span> <span class='ocrx_word' id='word_1_185' title='bbox 193 2797 226 2860; x_wconf 91' lang='lat' dir='ltr'>in</span> <span class='ocrx_word' id='word_1_186' title='bbox 261 2795 280 2882; x_wconf 68' lang='grc' dir='ltr'>ξ</span> <span class='ocrx_word' id='word_1_187' title='bbox 315 2800 356 2863; x_wconf 92' lang='grc'>10</span> <span class='ocrx_word' id='word_1_188' title='bbox 389 2795 511 2861; x_wconf 89' lang='lat' dir='ltr'>fontem</span> <span class='ocrx_word' id='word_1_189' title='bbox 543 2796 683 2861; x_wconf 84' lang='lat' dir='ltr'>Diodori</span> <span class='ocrx_word' id='word_1_190' title='bbox 714 2796 780 2884; x_wconf 84' lang='grc'>(40,</span> <span class='ocrx_word' id='word_1_191' title='bbox 815 2797 847 2882; x_wconf 81' lang='grc'>3)</span> <span class='ocrx_word' id='word_1_192' title='bbox 882 2818 953 2861; x_wconf 91' lang='lat' dir='ltr'>cum</span> <span class='ocrx_word' id='word_1_193' title='bbox 983 2795 1175 2862; x_wconf 87' lang='lat' dir='ltr'>Aristobulo</span> 
     </span>
     <span class='ocr_line' id='line_1_25' title="bbox 105 2896 1176 2988; baseline 0.001 -20"><span class='ocrx_word' id='word_1_194' title='bbox 105 2903 219 2987; x_wconf 88' lang='lat' dir='ltr'>paucis</span> <span class='ocrx_word' id='word_1_195' title='bbox 253 2903 388 2970; x_wconf 88' lang='lat' dir='ltr'>adiectis</span> <span class='ocrx_word' id='word_1_196' title='bbox 423 2896 618 2975; x_wconf 70' lang='grc' dir='ltr'>0001001011,Ι</span> <span class='ocrx_word' id='word_1_197' title='bbox 642 2904 683 2968; x_wconf 82' lang='grc'>10</span> <span class='ocrx_word' id='word_1_198' title='bbox 708 2907 726 2988; x_wconf 60' lang='grc' dir='ltr'>ξ</span> <span class='ocrx_word' id='word_1_199' title='bbox 753 2907 793 2971; x_wconf 94' lang='grc'>12</span> <span class='ocrx_word' id='word_1_200' title='bbox 818 2904 949 2970; x_wconf 90' lang='lat' dir='ltr'>Curtius</span> <span class='ocrx_word' id='word_1_201' title='bbox 973 2903 1015 2969; x_wconf 85' lang='lat' dir='ltr'>ad</span> <span class='ocrx_word' id='word_1_202' title='bbox 1040 2904 1176 2970; x_wconf 91' lang='lat' dir='ltr'>eundem</span> 
     </span>
     <span class='ocr_line' id='line_1_26' title="bbox 107 3011 1176 3099; baseline 0.001 -23"><span class='ocrx_word' id='word_1_203' title='bbox 107 3011 228 3076; x_wconf 87' lang='lat' dir='ltr'>fontem</span> <span class='ocrx_word' id='word_1_204' title='bbox 262 3011 407 3092; x_wconf 88' lang='lat' dir='ltr'>transiit,</span> <span class='ocrx_word' id='word_1_205' title='bbox 445 3012 499 3094; x_wconf 84' lang='lat' dir='ltr'>qui</span> <span class='ocrx_word' id='word_1_206' title='bbox 531 3012 679 3077; x_wconf 89' lang='lat' dir='ltr'>Diodoro</span> <span class='ocrx_word' id='word_1_207' title='bbox 712 3012 788 3097; x_wconf 90' lang='grc'>(41,</span> <span class='ocrx_word' id='word_1_208' title='bbox 831 3011 929 3099; x_wconf 74' lang='lat'><strong>3-4)</strong></span> <span class='ocrx_word' id='word_1_209' title='bbox 962 3012 1089 3096; x_wconf 86' lang='lat' dir='ltr'>subest,</span> <span class='ocrx_word' id='word_1_210' title='bbox 1123 3014 1176 3078; x_wconf 89' lang='lat' dir='ltr'>ille</span> 
     </span>
     <span class='ocr_line' id='line_1_27' title="bbox 107 3118 1175 3203; baseline 0.006 -19"><span class='ocrx_word' id='word_1_211' title='bbox 107 3126 215 3184; x_wconf 91' lang='lat' dir='ltr'>tamen</span> <span class='ocrx_word' id='word_1_212' title='bbox 239 3118 367 3184; x_wconf 92' lang='lat' dir='ltr'>uberius</span> <span class='ocrx_word' id='word_1_213' title='bbox 397 3120 535 3202; x_wconf 82' lang='lat' dir='ltr'>scripsit,</span> <span class='ocrx_word' id='word_1_214' title='bbox 581 3120 632 3185; x_wconf 92' lang='lat' dir='ltr'>De</span> <span class='ocrx_word' id='word_1_215' title='bbox 656 3126 808 3203; x_wconf 88' lang='lat' dir='ltr'>portento</span> <span class='ocrx_word' id='word_1_216' title='bbox 833 3118 920 3203; x_wconf 87' lang='lat' dir='ltr'>apud</span> <span class='ocrx_word' id='word_1_217' title='bbox 945 3118 1094 3186; x_wconf 90' lang='lat' dir='ltr'>Curtium</span> <span class='ocrx_word' id='word_1_218' title='bbox 1116 3120 1175 3190; x_wconf 88' lang='lat' dir='ltr'>IV.</span> 
     </span>
     <span class='ocr_line' id='line_1_28' title="bbox 109 3217 1175 3311; baseline -0.001 -19"><span class='ocrx_word' id='word_1_219' title='bbox 109 3233 138 3309; x_wconf 92' lang='grc'>2,</span> <span class='ocrx_word' id='word_1_220' title='bbox 174 3230 215 3293; x_wconf 90' lang='grc'>14</span> <span class='ocrx_word' id='word_1_221' title='bbox 247 3233 279 3291; x_wconf 92' lang='lat' dir='ltr'>et</span> <span class='ocrx_word' id='word_1_222' title='bbox 302 3226 487 3295; x_wconf 91' lang='lat' dir='ltr'>Diodorum</span> <span class='ocrx_word' id='word_1_223' title='bbox 512 3230 564 3309; x_wconf 83' lang='lat'>41,</span> <span class='ocrx_word' id='word_1_224' title='bbox 604 3233 620 3290; x_wconf 88' lang='grc'>7</span> <span class='ocrx_word' id='word_1_225' title='bbox 647 3226 820 3292; x_wconf 88' lang='lat' dir='ltr'>dicendum</span> <span class='ocrx_word' id='word_1_226' title='bbox 846 3234 894 3292; x_wconf 89' lang='lat' dir='ltr'>est</span> <span class='ocrx_word' id='word_1_227' title='bbox 918 3217 1005 3311; x_wconf 85' lang='lat' dir='ltr'>apud</span> <span class='ocrx_word' id='word_1_228' title='bbox 1029 3227 1175 3294; x_wconf 91' lang='lat' dir='ltr'>Curtium</span> 
     </span>
     <span class='ocr_line' id='line_1_29' title="bbox 108 3334 1175 3424; baseline -0.005 -22"><span class='ocrx_word' id='word_1_229' title='bbox 108 3336 215 3404; x_wconf 90' lang='lat' dir='ltr'>solum</span> <span class='ocrx_word' id='word_1_230' title='bbox 238 3336 494 3424; x_wconf 84' lang='lat' dir='ltr'>explanationem</span> <span class='ocrx_word' id='word_1_231' title='bbox 514 3334 605 3400; x_wconf 83' lang='lat' dir='ltr'>Arist</span> <span class='ocrx_word' id='word_1_232' title='bbox 607 3336 724 3400; x_wconf 86' lang='lat' dir='ltr'>andri</span> <span class='ocrx_word' id='word_1_233' title='bbox 715 3337 858 3419; x_wconf 84' lang='lat' dir='ltr'>inveniri,</span> <span class='ocrx_word' id='word_1_234' title='bbox 884 3358 956 3402; x_wconf 90' lang='lat' dir='ltr'>cum</span> <span class='ocrx_word' id='word_1_235' title='bbox 971 3334 1175 3419; x_wconf 83' lang='lat' dir='ltr'>Agyriuaeus</span> 
     </span>
     <span class='ocr_line' id='line_1_30' title="bbox 100 3443 1175 3529; baseline 0.002 -24.017"><span class='ocrx_word' id='word_1_236' title='bbox 100 3443 164 3527; x_wconf 87' lang='lat' dir='ltr'>qui</span> <span class='ocrx_word' id='word_1_237' title='bbox 208 3444 292 3508; x_wconf 88' lang='lat' dir='ltr'>idern</span> <span class='ocrx_word' id='word_1_238' title='bbox 331 3451 518 3527; x_wconf 90' lang='lat' dir='ltr'>portentum</span> <span class='ocrx_word' id='word_1_239' title='bbox 561 3452 691 3525; x_wconf 88' lang='lat' dir='ltr'>narrat,</span> <span class='ocrx_word' id='word_1_240' title='bbox 734 3446 990 3529; x_wconf 87' lang='lat' dir='ltr'>explanationem</span> <span class='ocrx_word' id='word_1_241' title='bbox 1037 3445 1175 3513; x_wconf 89' lang='lat' dir='ltr'>omittat</span> 
     </span>
     <span class='ocr_line' id='line_1_31' title="bbox 106 3533 1175 3638; baseline -0.003 -22"><span class='ocrx_word' id='word_1_242' title='bbox 106 3533 270 3617; x_wconf 82' lang='lat' dir='ltr'>Fraenlrel</span> <span class='ocrx_word' id='word_1_243' title='bbox 311 3550 345 3638; x_wconf 84' lang='lat' dir='ltr'>(l</span> <span class='ocrx_word' id='word_1_244' title='bbox 379 3573 405 3619; x_wconf 91' lang='lat' dir='ltr'>c.</span> <span class='ocrx_word' id='word_1_245' title='bbox 438 3573 470 3634; x_wconf 91' lang='lat' dir='ltr'>p</span> <span class='ocrx_word' id='word_1_246' title='bbox 514 3556 591 3636; x_wconf 76' lang='lat'>175)</span> <span class='ocrx_word' id='word_1_247' title='bbox 628 3550 669 3615; x_wconf 91' lang='lat' dir='ltr'>de</span> <span class='ocrx_word' id='word_1_248' title='bbox 701 3553 763 3617; x_wconf 88' lang='lat' dir='ltr'>hoc</span> <span class='ocrx_word' id='word_1_249' title='bbox 794 3573 855 3635; x_wconf 89' lang='lat' dir='ltr'>por</span> <span class='ocrx_word' id='word_1_250' title='bbox 856 3558 945 3617; x_wconf 87' lang='lat' dir='ltr'>ento</span> <span class='ocrx_word' id='word_1_251' title='bbox 979 3550 1056 3616; x_wconf 91' lang='lat' dir='ltr'>dicit</span> <span class='ocrx_word' id='word_1_252' title='bbox 1043 3549 1175 3633; x_wconf 86' lang='lat' dir='ltr'>tapud</span> 
     </span>
     <span class='ocr_line' id='line_1_32' title="bbox 106 3656 1176 3742; baseline -0.006 -15"><span class='ocrx_word' id='word_1_253' title='bbox 106 3660 296 3727; x_wconf 89' lang='lat' dir='ltr'>Curtium</span> <span class='ocrx_word' id='word_1_254' title='bbox 272 3680 340 3723; x_wconf 89' lang='lat' dir='ltr'>srue</span> <span class='ocrx_word' id='word_1_255' title='bbox 356 3658 453 3722; x_wconf 92' lang='lat' dir='ltr'>dubio</span> <span class='ocrx_word' id='word_1_256' title='bbox 465 3656 531 3722; x_wconf 90' lang='lat' dir='ltr'>Clit</span> <span class='ocrx_word' id='word_1_257' title='bbox 534 3657 698 3723; x_wconf 87' lang='lat' dir='ltr'>archumf</span> <span class='ocrx_word' id='word_1_258' title='bbox 683 3659 752 3723; x_wconf 91' lang='grc'>0101</span> <span class='ocrx_word' id='word_1_259' title='bbox 754 3681 803 3723; x_wconf 89' lang='lat' dir='ltr'>em</span> <span class='ocrx_word' id='word_1_260' title='bbox 818 3682 936 3742; x_wconf 89' lang='lat' dir='ltr'>esse,q</span> <span class='ocrx_word' id='word_1_261' title='bbox 916 3681 970 3741; x_wconf 91' lang='lat' dir='ltr'>qm</span> <span class='ocrx_word' id='word_1_262' title='bbox 962 3658 1082 3724; x_wconf 89' lang='lat' dir='ltr'>Arist</span> <span class='ocrx_word' id='word_1_263' title='bbox 1084 3658 1176 3723; x_wconf 85' lang='lat' dir='ltr'>andri</span> 
     </span>
     <span class='ocr_line' id='line_1_33' title="bbox 106 3764 1175 3853; baseline -0.007 -18"><span class='ocrx_word' id='word_1_264' title='bbox 106 3767 303 3835; x_wconf 87' lang='lat' dir='ltr'>mentionem</span> <span class='ocrx_word' id='word_1_265' title='bbox 324 3767 432 3837; x_wconf 84' lang='lat' dir='ltr'>faciat.</span> <span class='ocrx_word' id='word_1_266' title='bbox 472 3764 533 3831; x_wconf 92' lang='lat' dir='ltr'>Cui</span> <span class='ocrx_word' id='word_1_267' title='bbox 559 3768 702 3853; x_wconf 88' lang='lat' dir='ltr'>opinioni</span> <span class='ocrx_word' id='word_1_268' title='bbox 726 3766 780 3831; x_wconf 91' lang='lat' dir='ltr'>ille</span> <span class='ocrx_word' id='word_1_269' title='bbox 805 3790 844 3831; x_wconf 93' lang='lat' dir='ltr'>ne</span> <span class='ocrx_word' id='word_1_270' title='bbox 861 3768 1027 3849; x_wconf 82' lang='lat' dir='ltr'>vestigium</span> <span class='ocrx_word' id='word_1_271' title='bbox 1047 3764 1175 3848; x_wconf 88' lang='lat' dir='ltr'>quidem</span> 
     </span>
    </p>
   </div>
   <div class='ocr_carea' id='block_1_4' title="bbox 107 3872 1176 4034">
    <p class='ocr_par' dir='ltr' id='par_1_5' title="bbox 107 3872 1176 4034">
     <span class='ocr_line' id='line_1_34' title="bbox 107 3872 1176 3958; baseline -0.007 -14"><span class='ocrx_word' id='word_1_272' title='bbox 107 3875 293 3958; x_wconf 84' lang='lat' dir='ltr'>argumenti</span> <span class='ocrx_word' id='word_1_273' title='bbox 332 3876 451 3948; x_wconf 80' lang='lat' dir='ltr'>attulit</span> <span class='ocrx_word' id='word_1_274' title='bbox 499 3874 682 3957; x_wconf 90' lang='lat' dir='ltr'>Utrumque</span> <span class='ocrx_word' id='word_1_275' title='bbox 714 3881 879 3939; x_wconf 88' lang='lat' dir='ltr'>auctorem</span> <span class='ocrx_word' id='word_1_276' title='bbox 910 3872 994 3939; x_wconf 85' lang='lat' dir='ltr'>hauc</span> <span class='ocrx_word' id='word_1_277' title='bbox 1029 3896 1096 3938; x_wconf 89' lang='lat' dir='ltr'>rem</span> <span class='ocrx_word' id='word_1_278' title='bbox 1137 3896 1176 3938; x_wconf 91' lang='lat' dir='ltr'>ex</span> 
     </span>
     <span class='ocr_line' id='line_1_35' title="bbox 997 3984 1013 4034; baseline 0 0"><span class='ocrx_word' id='word_1_279' title='bbox 997 3984 1013 4034; x_wconf 88' lang='lat'><strong>3</strong></span> 
     </span>
    </p>
   </div>
   <div class='ocr_carea' id='block_1_5' title="bbox 0 0 1330 4242">
    <p class='ocr_par' dir='ltr' id='par_1_6' title="bbox 0 0 1330 4242">
     <span class='ocr_line' id='line_1_36' title="bbox 0 0 1330 4242; baseline 0 0"><span class='ocrx_word' id='word_1_280' title='bbox 0 0 1330 4242; x_wconf 95' lang='lat' dir='ltr'> </span> 
     </span>
    </p>
   </div>
  </div>
 </body>
</html>
