2642 4242
236 393 280 438 ne
314 369 419 440 verbo
452 366 586 462 quidem
624 369 748 442 mentio
778 369 863 438 iacta
897 382 956 437 est
999 367 1083 440 Prae
1105 363 1220 435 ceteris
1240 355 1312 431 ‘au-

235 486 318 556 tem,
346 471 509 566 siquidem
527 471 750 564 Hieronymus
771 473 968 566 singularem
989 471 1031 538 de
1052 466 1237 538 Alexandri
1256 491 1313 532 re-

235 575 297 674 bus
316 573 436 645 librum
458 571 721 668 conscripsisset,
743 573 864 644 mirum
885 571 1019 640 omnino
1032 569 1197 639 Plutarchi
1210 568 1313 634 silen-

233 659 315 742 tium
332 676 508 744 videretur.
554 673 644 760 Quid
663 675 773 742 enim?
807 677 893 744 Num
914 673 1071 742 credibile
1092 686 1156 753 est,
1183 669 1313 738 Plutar-

202 813 206 821 «
235 777 332 842 chum
340 803 474 874 ,quem
494 777 530 844 in
550 776 725 860 Eumenis,
747 776 883 874 Pyrrhi,
910 773 1071 847 Demetrii
1092 772 1167 842 vitis
1186 770 1313 836 Hiero-

233 877 328 968 nymi
348 877 451 946 libros
471 877 659 971 saepissime
678 892 710 944 et
731 880 886 969 allegasse
906 890 938 941 et
955 874 1093 972 plurima
1108 897 1151 939 ex
1169 871 1211 938 iis
1226 873 1311 936 hau·

137 1043 140 1071 ,
233 976 315 1044 sisse
336 978 466 1062 scimus,
483 980 549 1064 ¹)
538 1005 572 1046 ιιι
593 983 660 1048 vita
675 979 867 1062 Alexandri,
889 977 946 1043 ubi
967 1001 1080 1044 omnes
1101 970 1171 1042 fere
1189 997 1312 1064 aequa·

232 1081 332 1147 les
303 1106 371 1166 eius
385 1107 495 1152 rerum
509 1082 684 1178 scriptores
697 1080 865 1164 excitavit,
886 1077 1127 1169 Hieronymum
1148 1103 1188 1144 ne
1202 1076 1312 1144 obiter

232 1158 366 1272 quidem
377 1182 462 1248 inter
474 1205 531 1249 eos
543 1198 795 1250 memoraturum
810 1182 923 1266 fuisse,
938 1179 1100 1271 siquidem
1113 1180 1201 1246 idem
1211 1203 1312 1267 argu-

54 1288 61 1312 ¹
154 1303 164 1320 ³
233 1299 377 1350 mentum
393 1284 433 1350 ab
457 1308 498 1351 eo
513 1296 680 1362 tractatum
688 1278 785 1351 erat?
807 1285 898 1352 Haec
920 1281 1031 1350 omnia
1052 1280 1200 1372 profecto
1218 1279 1311 1352 haud

232 1369 433 1472 mediocrem
456 1385 498 1451 de
519 1385 639 1452 Suidae
662 1387 849 1455 auctoritate
870 1383 1104 1455 dubitationem
1126 1396 1310 1464 moverent,

141 1513 170 1555 τ
233 1485 979 1574 etiamsiiuculentissimisetcertrss1m1sverb1s
992 1484 1078 1578 apud
1089 1499 1311 1552 eumanuota·

232 1565 481 1677 tumlegeretur,
497 1580 1257 1706 abHieronymoCardianosingularemlibrum
1267 1584 1311 1651 de

231 1687 414 1766 Alexandri
433 1691 529 1758 rebus
551 1690 650 1780 gestis
672 1716 744 1758 esse
758 1691 994 1767 concinnatum.
1035 1689 1129 1756 Nunc
1141 1713 1222 1757 vero
1239 1712 1310 1756 uon

231 1770 392 1862 luculenta
411 1815 449 1863 ac
478 1793 696 1862 certa'extant
715 1790 835 1858 Suidae
856 1791 974 1873 verba,
1003 1791 1062 1857 sed
1075 1794 1183 1859 locum
1204 1791 1312 1859 habe-

230 1899 302 1984 inus
324 1893 410 1964 haud
432 1891 530 1960 dubie
545 1908 755 1983 corruptum,
778 1918 917 1984 eumque
937 1894 982 1959 ita
1003 1907 1242 1984 comparatum,
1272 1906 1313 1969 uti

230 1995 476 2064 celeberrimum
504 1992 701 2083 Hieronymi
728 2017 811 2083 opus
838 1994 881 2062 de
901 1979 1084 2066 Alexandri
1104 1995 1314 2091 successori-p

229 2095 290 2162 hus
304 2094 458 2186 scriptum
474 2093 561 2160 haud
577 2095 701 2162 maiore
716 2094 894 2162 litterarum
909 2093 1085 2163 mutatione
1098 2093 1174 2160 hinc
1187 2119 1309 2161 eruere

228 2196 351 2286 possis,
374 2219 471 2288 quam
487 2195 671 2262 Alexandri
692 2220 801 2263 rerum
822 2196 1007 2282 historiam,
1029 2196 1182 2261 nimirum
1204 2221 1313 2285 quam,

147 2355 150 2360 ,
229 2318 343 2364 omnes
372 2309 499 2360 veteres
535 2297 710 2388 scriptores
742 2295 893 2387 ignorant
910 2301 954 2384 ²).
982 2335 1024 2348 —
1090 2297 1190 2384 Quod
1219 2312 1313 2366 verot

227 2391 446 2482 Kiesslingius
469 2410 581 2468 contra
602 2398 685 2462 hanc
705 2397 894 2463 sententiam
916 2397 1080 2465 annotavit
1087 2397 1220 2488 ,magis
1238 2401 1309 2466 sibi

228 2510 480 2566 consentaneum
497 2495 621 2580 videri,
648 2521 667 2566 a
695 2497 928 2592 lexicographo
957 2451 1207 2567 commeinorari
1231 2500 1311 2592 pri«

227 2618 315 2664 mam
344 2596 452 2688 operis
479 2611 604 2687 partem
632 2622 730 2691 quam
756 2597 913 2682 mediam,
947 2623 1081 2690 prorsus
1114 2599 1208 2666 nihili
1242 2588 1311 2670 est.¹¹

226 2695 375 2788 Namque
404 2711 439 2762 ut
464 2712 641 2782 taceamus,
676 2723 773 2790 quam
800 2702 939 2789 primam
968 2699 1046 2765 dicit
1081 2699 1310 2791 Kiesslingius

226 2797 426 2894 Hieronymi
447 2799 556 2894 operis
577 2814 721 2894 partem,
737 2824 784 2891 ¹ue
805 2801 945 2898 aliquam
961 2801 1095 2893 quidem
1114 2802 1214 2874 luisse
1228 2804 1306 2904 eins

295 3002 1310 3116 ,1)Cf.11eeren.deiontt.etauct.vitt.paratl.l'lut,p.70.t2.l

225 3115 327 3170 74·—
367 3115 394 3178 2)
418 3117 589 3194 Negevimus
615 3120 759 3191 Lecpardi
783 3132 814 3177 et
837 3124 936 3178 Sevini
961 3126 1169 3184 coniecturam:
1196 3126 1230 3177 τὰ
1260 3128 1302 3180 ἐπ’

221 3195 380 3269 Ἀλεξάνδρῳ
397 3205 552 3275 πραχθέντα
568 3221 683 3274 prorsus
703 3205 788 3261 nobis
805 3207 984 3264 satisfecisse.
1024 3212 1083 3266 Vix
1102 3212 1178 3267 enim
1200 3215 1308 3271 credi

226 3279 285 3338 bile
311 3283 488 3354 videtur,
460 3307 494 3338 ια
515 3285 554 3338 ια’
571 3285 738 3360 Ἀλεξάνδρῳ
757 3292 903 3364 scripsisse
926 3295 974 3369 qui
999 3295 1033 3348 τὰ
1051 3317 1102 3367 μετ
1129 3276 1309 3369 itls‘isvdplor,

165 3387 171 3411 ι
223 3365 385 3440 significare
402 3371 534 3428 voluerit.
570 3373 651 3444 erod
670 3391 740 3428 vero
760 3376 992 3450 Lexicographus
1010 3381 1070 3435 ndu
1088 3392 1224 3437 consueto
1250 3387 1302 3439 di

224 3451 309 3506 cendi
324 3469 430 3523 genere
447 3453 502 3508 boc
518 3459 582 3510 loco
601 3475 667 3512 usus
681 3468 733 3525 est,
752 3476 850 3514 nocue
864 3462 983 3521 fortasse
997 3467 1053 3520 hoo
1060 3481 1095 3518 eo
1102 3458 1307 3539 referendum,

225 3536 302 3610 quod
317 3555 377 3594 non
392 3539 537 3598 solumscic
550 3543 603 3591 τῶν
618 3541 930 3615 διαδόχωνὶστορίαςιθά
944 3548 1066 3602 etiamr
1041 3548 1090 3614 sair
1102 3568 1162 3620 περι
1153 3551 1308 3624 ἐπιγόνων

222 3624 412 3690 πραγματείαν,
405 3639 508 3700 ,quam
520 3623 555 3678 ab
570 3627 673 3680 eodem
681 3629 859 3700 Hieronymo
873 3631 1007 3702 scriptam
1019 3635 1122 3690 scimus
1135 3634 1182 3700 (cf.
1190 3637 1304 3698 Kiessl.

223 3723 243 3776 1,
259 3709 313 3774 c),
336 3706 505 3764 brevissime
523 3729 579 3764 uns
597 3712 724 3768 dictione
740 3718 793 3766 sote
805 3712 847 3766 ια’-
843 3713 1008 3785 Ἀλεξάνδρα
1026 3721 1199 3786 πραχθέντων
1211 3739 1306 3779 com-

223 3791 519 3864 prehenderevoluit?
536 3825 572 3838 —
591 3796 820 3872 Quidqucdipse
832 3817 918 3867 sonus
931 3801 1149 3859 vocabulorumt
1168 3807 1303 3876 inspirer

222 3878 400 3946 superponetur
414 3876 469 3930 buc
482 3881 579 3934 valere
593 3892 712 3950 poterat.
746 3887 894 3960 Utcunque
908 3894 958 3952 est,
974 3884 1046 3940 illud
1062 3890 1190 3973 proiecto
1206 3899 1305 3954 nemd

221 3963 304 4018 nobis
328 3958 523 4034 persuadebit,
549 3961 627 4018 bunc
646 3965 758 4020 Suidae
766 3971 862 4026 locum
883 3986 982 4030 eorum
998 3971 1130 4043 opinioni
1153 3964 1306 4045 catculumi

162 4037 169 4048 '
223 4047 363 4112 adiicere,
397 4041 446 4116 qui
465 4041 675 4116 Hieronymum
690 4049 849 4108 Alexandri
868 4066 963 4113 rorum
988 4055 1173 4169 scriptoribus
1191 4075 1306 4135 putant

222 4145 288 4191 ue
304 4127 560 4188 adnumerandum.
577 4157 612 4171 -
1294 4140 1304 4199 'i
