2642 4242
729 139 779 224 12

63 297 66 303 ’
208 309 1278 409 κω..5....,εωηηωωει.α·.ι..ιῑι.α..ιᾱ·εωρ..ιῑ.ιῑι..

15 458 17 468 1
205 421 260 492 On
273 415 436 486 n’adressa
449 416 562 501 jamnis
578 416 598 484 l
612 429 665 485 cet
675 441 820 507 oumge
834 417 866 484 le
879 419 987 486 blame
1003 418 1278 512 d'exsgdretion.“

210 523 325 613 Neque
344 516 560 612 improbabile
581 534 647 603 est,
676 517 767 610 quod
793 515 884 586 idem
908 519 962 588 vir
987 519 1103 593 doctus
1130 521 1278 590 coniicit»

203 617 454 696 Eratosthenem
473 635 586 716 postea
608 622 660 689 his
684 619 830 711 Lagidae
856 619 1062 712 potissimum
1080 639 1279 694 commenta-

102 735 104 742 ’
201 726 261 797 riis
277 731 383 794 'usum
411 747 482 792 esse
508 724 550 791 ad
578 722 782 814 reliquorum
798 737 995 807 ,auctorum
1019 725 1075 816 qui
1095 725 1279 794 Alexandri

200 853 254 900 res
273 827 401 921 scriptis
419 825 606 918 perseqr'ruti
617 840 741 911 essent,
762 850 890 896 errores
910 840 943 894 et
963 843 1145 901 commenta
1164 829 1279 896 coufu-
1301 842 1302 845 ’

199 931 309 1000 tenda.
329 934 359 1014 ¹)
383 928 483 1016 Quod
495 951 577 997 vero
591 927 633 994 ad
653 928 763 1020 ipsum
776 930 895 997 horum
908 929 1215 999 commentariorum
1227 955 1279 998 ar

202 1047 394 1130 gumentnm
415 1029 539 1110 attinet,
563 1028 836 1122 confidentissime
857 1027 947 1098 idem
967 1029 1122 1104 Matterus
1141 1031 1177 1116 (l.
1200 1055 1230 1098 c.
1252 1031 1277 1098 L
1302 1076 1303 1085 1

199 1159 235 1227 p.
257 1137 308 1203 61.
330 1133 374 1202 of.
397 1131 440 1199 II.
460 1157 493 1226 p.
513 1133 586 1213 69.)
610 1133 691 1200 haec
712 1130 894 1202 annotaritr
939 1131 1117 1216 „D’autres
1144 1131 1275 1201 enciens

202 1243 347 1327 (praeter
369 1226 561 1314 Arriannm)
577 1231 676 1302 citent
689 1232 870 1326 dgalement
889 1258 971 1302 avec
986 1233 1081 1323 dloge
1092 1236 1125 1300 la
1138 1233 1276 1301 relation
1303 1310 1304 1313 Ἴ

197 1337 244 1403 du
259 1335 395 1426 Lagide,
417 1349 449 1403 ot
462 1349 653 1428 rapporteut
671 1335 750 1426 qu’il
763 1336 866 1404 s’e'tait
885 1350 1012 1405 surtout
1022 1333 1146 1404 attachd
1158 1336 1179 1402 d
1193 1337 1275 1401 l’ex·

198 1437 344 1532 position
355 1437 423 1506 ,des
443 1437 517 1504 faits
537 1432 715 1504 milituires.
756 1437 826 1506 Nos
847 1438 946 1510 heros
967 1437 1102 1507 doivent
1113 1437 1201 1506 donc
1221 1463 1276 1506 re-

197 1531 319 1632 gretter
339 1564 382 1606 un
404 1565 565 1630 ouvrage,
593 1527 688 1632 qu’ils
713 1539 910 1632 placemient
937 1540 1057 1612 arom
1086 1540 1146 1608 des
1173 1540 1275 1610 Com·
1304 1560 1305 1591 ³

149 1669 153 1674 ·
196 1642 369 1710 mentaires
391 1641 435 1710 de
463 1641 579 1725 cesar,
604 1647 680 1712 ‘tout
706 1664 835 1710 comme
861 1666 922 1709 nos
949 1640 1124 1710 historiens
1152 1642 1272 1710 soient

197 1769 278 1820 arec
301 1745 439 1814 douleur
452 1769 529 1836 *que
556 1745 729 1836 l'exempls
757 1742 800 1811 de
826 1743 993 1813 Ptoldme'e
1019 1743 1064 1810 ait
1089 1743 1140 1812 e'td
1167 1744 1275 1836 perdu

195 1871 283 1940 pour
302 1871 355 1914 ses
376 1847 533 1916 savans.“
556 1881 595 1896 ·-
613 1845 669 1914 Ex
691 1844 856 1915 veteribus
876 1845 929 1940 his
956 1843 1184 1937 scriptoribus,
1215 1845 1273 1937 qui

193 1946 375 2020 Ptolemaei
414 1946 665 2016 commentarios
699 1947 855 2030 excitent,
899 1945 1056 2014 Matterus
1096 1948 1272 2040 appellavit

132 2118 135 2128 ,
198 2051 341 2120 Plinium
368 2047 418 2134 (in
438 2049 571 2116 Elench.
598 2046 954 2133 tihX11.erX111.),
993 2049 1200 2128 Plutarchum
1222 2051 1273 2134 (iu

193 2153 259 2226 vr.
281 2152 378 2222 aux.
400 2149 873 2236 0.xuv1.)‚om·mm(u<.
895 2174 924 2218 ο.
942 2152 1003 2238 ru
1046 2151 1107 2220 un
1126 2154 1272 2222 ardenar
1307 2110 1309 2203 l

193 2270 301 2324 erant:
325 2255 443 2322 Strabo
473 2253 534 2339 (T.
556 2253 605 2336 ll,
625 2278 660 2344 p.
687 2253 778 2339 366.)
805 2253 987 2344 Stephanus
1009 2253 1186 2346 Byzantius
1214 2259 1269 2340 (v.
1307 2260 1308 2263 '

193 2357 361 2446 Ἀγχιάλη)
390 2355 580 2432 Plutarchus
609 2353 676 2441 (de
702 2355 793 2424 Fort.
812 2353 909 2443 Alex.
934 2379 984 2425 or·
1011 2355 1039 2424 l,
1059 2382 1094 2451 p.
1113 2363 1189 2428 327.
1211 2361 1271 2444 Ε).

193 2461 243 2528 Ar
270 2480 353 2526 vero
378 2479 492 2524 omnes
513 2455 549 2522 hi
566 2455 749 2551 poriptores
767 2471 834 2524 tam
850 2457 966 2524 leviter
987 2457 1058 2559 eius
1078 2461 1155 2530 libri
1172 2487 1271 2532 meu·

192 2562 316 2630 tionem
336 2556 532 2640 iniecerunt,
553 2556 589 2624 u't
611 2559 652 2625 ad
674 2557 745 2626 eius
766 2573 990 2651 argumentum
1008 2563 1189 2639 accuratius
1208 2556 1271 2635 cog

192 2662 415 2754 gnoscendum
436 2661 516 2728 nihil
535 2659 606 2728 fere
626 2659 703 2729 hinc
721 2661 882 2730 redundet
915 2663 1140 2753 emolumenti,
1166 2691 1206 2735 ao
1224 2693 1270 2735 ne

192 2765 417 2865 unusquidem
431 2787 556 2846 eorum,
571 2761 706 2853 idquod
719 2763 875 2835 Matterus
890 2764 983 2849 dixit,
995 2765 1172 2836 Ptolemaei
1179 2771 1269 2837 haud

167 2895 285 2938 secus
320 2893 417 2959 quam
444 2863 591 2935 Caesaris
626 2865 866 2934 commentariis
898 2870 994 2937 unios
1027 2893 1080 2938 res
1109 2870 1268 2939 militares

191 2986 340 3040 tractatas
358 2993 440 3054 esse,
461 2971 566 3038 verbo
586 2955 754 3038 indicarit.
795 2968 909 3060 Neque
927 2993 1009 3040 vero
1030 2971 1113 3038 hano
1134 2971 1269 3040 Matteri

85 3110 88 3124 s
191 3071 408 3140 coniecturam
427 3071 468 3135 ab
488 3069 589 3138 omui.
606 3069 747 3138 dixerim
772 3069 918 3139 veritatis
938 3072 1047 3166 specie
1078 3074 1267 3161 abhorrens,

190 3171 371 3241 dummodo
391 3171 518 3262 nequis
538 3169 708 3263 opinetur,
727 3196 838 3241 rerum
853 3173 1038 3242 militarium
1052 3173 1087 3242 in
1107 3173 1159 3242 his
1174 3199 1269 3246 eom-

190 3273 356 3346 meutariis
362 3273 406 3353 ita
414 3273 633 3364 praevaluisse
645 3275 894 3367 expositionem,
906 3290 942 3343 ut
948 3277 1074 3368 reliqua
1081 3277 1267 3353 Alexandri

190 3375 326 3448 historia
345 3399 479 3469 prorsus
496 3378 641 3474 neglecta
657 3377 803 3455 iaceret.x
828 3377 883 3446 Ex
895 3379 1084 3470 fragmentis
1095 3381 1183 3471 apud
1195 3382 1267 3449 Aru

190 3480 317 3550 rianum
328 3477 527 3548 conservatis
544 3479 663 3548 horum
673 3479 833 3556 librorum
853 3479 899 3550 ita
912 3480 1021 3574 potius
1033 3481 1266 3573 descripserim

190 3596 432 3672 argumentum,
452 3593 488 3648 ut
508 3605 620 3671 regem
632 3581 826 3673 scriptorem
839 3609 923 3675 quoe
942 3583 1103 3676 adragiae
1117 3583 1268 3656 Alexan-

191 3684 245 3750 dri
266 3697 299 3750 et
317 3682 449 3750 bellicas
469 3681 604 3750 virtutes
625 3683 762 3776 propius
790 3699 974 3779 spectarent
996 3685 1154 3778 singulari
1188 3713 1267 3760 cum

193 3783 399 3875 diligentiaet
410 3783 770 3883 studioperse‘quutnm,
787 3787 1270 3884 geographicisaliisqueidgs-

190 3907 250 3959 nus
268 3885 369 3960 rebus
389 3888 591 3958 secundariis
607 3888 715 3958 miuus
727 3887 902 3986 indulsisse
922 3913 1084 3964 mnam.
1114 3892 1268 3988 Namque

289 4088 318 4157 1)
335 4087 609 4154 &assuto-Orus
626 4087 726 4146 Eram·
745 4087 807 4148 orit.
825 4043 860 4166 pi
872 4092 917 4152 52,
1043 4125 1047 4131 -
