2642 4242
570 134 729 188 -9.„

75 312 326 390 Botschaften,
351 311 407 375 die
431 309 578 391 Philipp,
603 311 656 373 als
680 328 719 374 er
741 307 922 374 Poteidaia
944 312 1136 393 belagerte,
1161 332 1211 376 er-

75 430 208 491 halten
231 426 347 491 haben
370 427 437 490 soll
460 428 540 493 κατὰ
562 429 623 493 τὸν
645 428 744 493 αὐτὸν
767 429 887 508 χρόνον
910 427 989 491 sind
1012 428 1103 493 doch
1130 428 1212 493 sehr

77 544 293 623 sonderbar,
328 561 434 608 wenn
462 543 668 607 Alexander
697 560 755 605 am
783 544 814 609 6.
844 542 1126 608 Hekatombaion
1155 563 1212 626 ge-

75 662 200 725 boren
230 660 306 723 sein
335 662 453 742 sollte,
490 660 582 723 denn
612 660 668 722 die
698 658 898 752 Olympien
913 660 1061 723 wurden
1096 679 1212 742 gegen

77 776 279 841 Vollmond
296 776 411 839 dieses
423 776 563 839 Monats
579 776 729 857 gefeiert
744 774 879 857 (ldeler,
896 760 992 839 Uber
1008 776 1071 839 das
1084 777 1212 864 Todes-

74 892 167 973 J‘ahr
190 891 224 956 S.
250 892 327 974 264)
354 892 427 955 und
456 892 511 955 die
535 891 727 955 Nachricht
755 909 827 954 von
850 890 1015 972 Olympia
1042 894 1213 958 brauchte

80 1008 222 1093 gewiss
251 1007 333 1071 acht
362 1008 448 1071 oder
475 1008 576 1073 mehr
600 1008 710 1088 Tage,
746 1007 811 1071 ehe
840 1008 892 1071 sie
919 1007 1011 1071 nach
1033 1009 1215 1078 Poteidaia

79 1126 181 1207 kam,
204 1124 375 1187 walmend
399 1124 461 1187 der
476 1125 574 1204 Bote,
600 1124 663 1187 der
686 1142 757 1187 von
772 1123 871 1186 Pella
893 1124 985 1204 kam,
1009 1124 1065 1187 die
1078 1125 1214 1189 Geburt

82 1242 188 1304 eines
199 1239 337 1305 Sohnes
353 1258 397 1303 zu
413 1240 561 1320 melden,
586 1240 719 1321 gewiss
734 1240 770 1303 in
786 1241 875 1303 zwei
891 1240 977 1304 oder
992 1241 1068 1304 drei
1079 1242 1213 1322 Tagen,

83 1374 149 1420 am
172 1357 201 1421 8.
227 1356 313 1421 oder
336 1358 365 1421 9.
390 1356 682 1435 Hekatombaion,
707 1357 742 1419 in
766 1356 946 1420 Poteidaia
970 1357 1046 1420 sein
1071 1357 1212 1422 konnte.

83 1472 174 1536 Man
196 1472 285 1536 wird
309 1472 430 1536 diesen
442 1471 740 1583 Synchronismus
764 1490 804 1535 so
827 1472 945 1552 wenig
968 1473 1035 1536 wie
1059 1473 1127 1536 den
1150 1473 1213 1536 mit

84 1588 173 1651 dem
194 1589 225 1651 T
226 1590 341 1669 empel
363 1590 399 1652 in
422 1584 584 1669 Ephesus
607 1588 664 1651 fiir
687 1588 787 1651 mehr
809 1588 938 1667 halten,
966 1589 1018 1651 als
1043 1589 1098 1652 die
1122 1590 1212 1652 zahl-

84 1705 234 1769 reichen
246 1705 442 1785 ahnlichen,
457 1705 515 1767 die
528 1722 593 1768 aus
606 1705 687 1767 dem
698 1697 875 1767 ‘Altertum
887 1704 1089 1768 liberliefert
1101 1704 1210 1767 sind.“

198 1820 262 1884 His
285 1839 372 1884 vero
385 1820 563 1901 Droyseni
586 1820 804 1902 argumentis
826 1820 922 1882 nullo
945 1820 1049 1884 modo
1073 1820 1213 1884 convin-

86 1954 162 2013 cor.
198 1954 384 2017 perperam
408 1954 488 2001 eum
518 1937 749 2004 collocavisse
772 1935 874 1999 ludos
892 1934 1095 2016 Olympicos
1122 1936 1213 2000 infra

87 2053 284 2139 apparebit,
309 2053 372 2116 sed
387 2062 426 2116 ut
442 2053 485 2116 de
509 2072 552 2116 ea
567 2071 606 2116 re
630 2053 747 2116 dicere
768 2052 1028 2132 supersedeam,
1052 2071 1123 2116 non
1138 2072 1212 2134 per-

88 2168 202 2251 spicio
232 2187 294 2232 cur
322 2168 500 2232 Plutarchi
529 2170 641 2234 verba
669 2170 705 2232 in
734 2169 878 2232 dubium
906 2168 1128 2233 devocemus.
1175 2179 1214 2233 ut

88 2267 280 2367 nonnulli1)
305 2285 380 2349 dies
401 2285 491 2349 inter
508 2286 668 2366 singulos
683 2285 824 2347 nuntios
841 2284 1070 2363 interfuerint,
1095 2284 1215 2365 quidni

91 2420 155 2465 eos
189 2403 269 2467 κατὰ
302 2405 361 2468 τὸν
390 2403 490 2468 αὐτὸν
518 2404 639 2483 χρόνον
668 2402 809 2466 venisse
840 2400 885 2463 ad
913 2400 1110 2481 Philippum
1138 2401 1214 2464 Plu-

91 2517 236 2581 tarchus
261 2518 376 2581 dicere
400 2518 532 2599 potuit?
560 2518 653 2599 quod
678 2518 818 2599 quidem
840 2526 962 2581 narrat
984 2516 1137 2580 Iustinus
1161 2536 1214 2579 ea·

93 2634 174 2697 dem
197 2633 253 2696 die
276 2651 398 2714 regem
422 2634 465 2697 de
490 2634 626 2699 duabus
649 2634 807 2697 victoriis
831 2642 936 2715 atque
960 2633 1003 2696 de
1031 2642 1116 2697 nato
1144 2632 1215 2696 filio

95 2750 281 2814 certiorem
305 2768 384 2813 esse
408 2751 541 2815 factum
563 2767 688 2831 parum
711 2750 792 2813 fidei
815 2750 943 2813 mereri
965 2749 1120 2831 videtur3
1156 2749 1215 2811 mi-

94 2866 186 2930 nime
216 2874 333 2930 autem
362 2867 488 2930 mirum
517 2868 548 2930 si
576 2884 648 2929 vox
675 2868 773 2947 „rard
801 2869 859 2931 τὸν
888 2868 987 2931 αυτὸν
1015 2868 1153 2946 χρόνον“
1179 2864 1215 2927 in
1314 2878 1317 2886 ’

94 2999 221 3045 vocem
247 2982 390 3063 „eadem
420 2982 494 3045 die“
527 2983 572 3045 sit
600 2991 751 3045 mutata:
782 2999 862 3045 cum
891 2990 1009 3043 autem
1036 2982 1072 3043 in
1100 2983 1214 3044 lucem

96 3096 225 3163 editum
249 3116 329 3161 esse
344 3097 587 3161 Alexandrum
610 3116 681 3161 non
704 3100 813 3161 multo
836 3105 916 3177 post
938 3096 1040 3160 ludos
1064 3096 1215 3177 Olympi·

97 3230 157 3277 cos
190 3231 254 3294 pro
285 3223 381 3277 certo
410 3200 591 3293 habemuS,
626 3215 697 3277 iam
726 3214 852 3295 quibus
881 3213 1005 3276 diebus
1034 3230 1126 3275 anno
1149 3213 1214 3276 356

96 3330 168 3395 ludi
190 3330 260 3393 sint
283 3331 451 3393 celebrati
475 3331 707 3411 exploremus

168 3500 169 3503 ,
201 3446 320 3509 Ludos
344 3445 548 3527 Olympicos
572 3446 685 3526 primo
709 3445 898 3526 plenilunio
920 3453 1002 3525 post
1029 3442 1215 3507 solstitium
1311 3421 1313 3428 ⁵

97 3562 269 3626 aestivum
293 3580 372 3625 esse
397 3571 494 3625 actos
519 3579 599 3626 cum
622 3563 691 3625 huc
713 3579 825 3642 usque
846 3561 913 3625 viri
929 3560 1023 3624 docti
1037 3577 1102 3641 pro
1119 3567 1214 3621 certo

96 3678 275 3759 haberent,
298 3695 411 3759 nuper
435 3669 536 3742 aliter
560 3678 679 3743 docuit
689 3678 900 3759 Nissenus2).
925 3676 956 3739 is
969 3676 1061 3739 eninr
1074 3693 1119 3737 ex
1135 3674 1215 3737 duo-

202 3850 228 3914 1)
247 3851 404 3915 Quindecim
424 3866 501 3915 supra
520 3852 608 3916 posuit
627 3850 789 3915 Droysenus.

202 3948 229 4013 2)
248 3950 319 4001 Mus.
338 3950 428 4002 Rhen.
437 3950 492 3999 XL
510 3950 538 3999 in
559 3948 744 3999 dissertatione
764 3938 854 4014 „Uber
874 3942 1159 4012 rempelorientimng“
1178 3946 1217 3993 in·

99 4050 190 4115 scripta
208 4046 358 4102 329-370.
