2642 4242
585 264 719 325 ...22
764 298 809 307 ..-

158 418 239 487 (lurt
226 419 342 506 liusffl)
369 421 562 485 mentionem
590 419 745 491 feceruut,
794 420 966 487 Arrianus·
962 423 1003 508 22)
1041 422 1126 487 hanc
1160 445 1227 487 rem

157 530 397 595 accuratissime
428 536 549 599 narrat
596 527 784 593 Alexander
821 550 892 593 cum
925 530 1048 613 aliquot
1082 532 1228 613 equitum

157 639 271 702 turmis
297 645 329 701 et
351 639 486 701 scutatis
510 638 664 719 Agrianis
690 646 721 704 et
746 639 920 722 sagittariis
944 640 976 703 in
999 638 1130 706 Arabes
1155 660 1229 703 con-

158 746 263 811 tendit
295 745 336 809 od
368 752 520 827 montem,
554 748 605 811 eui
621 768 755 811 vnomen
788 754 838 813 est
866 746 1068 812 Antilibano.
1123 745 1228 829 Quem

158 861 299 919 montem
331 853 526 919 Plutarchus
558 875 686 937 quoque
718 862 958 937 commemorat,
993 878 1064 920 cum
1094 854 1228 919 Curtius

133 962 308 1042 ,Libanon
332 961 427 1034 dicat,
475 962 686 1027 Plutarchum
710 970 808 1045 atque
823 962 999 1029 Arriauum
1023 963 1064 1029 ad
1089 962 1229 1027 eundem

158 1071 281 1135 lentem
296 1079 442 1154 spectare
455 1071 531 1135 mibi
541 1072 710 1137 verisimile
721 1093 790 1137 esse
807 1070 942 1143 videtur.
976 1070 1108 1136 (lortius
1118 1078 1229 1135 autem

159 1179 394 1262 expeditionem
417 1181 451 1242 in
480 1182 626 1263 superius
658 1186 785 1264 tempus
819 1182 986 1246 transtulit
1019 1189 1050 1246 et
1083 1180 1229 1262 singulae

159 1306 362 1368 quoqueres
387 1285 427 1349 ab
452 1286 594 1351 Arriano
617 1288 664 1351 ita
680 1288 866 1369 abhorrent,
892 1296 927 1354 ut
951 1295 1122 1370 utrumque
1154 1310 1228 1353 aru-

159 1400 263 1458 torem
287 1415 326 1457 cx
358 1392 470 1458 eodem
503 1393 592 1459 sonte
620 1394 765 1459 hausisse
789 1416 921 1479 prorsus
949 1394 1137 1460 incredibile
1176 1395 1227 1463 sit.

160 1500 224 1565 Sed
249 1501 427 1565 narrationi
450 1500 584 1565 Arriani
607 1504 761 1566 maiorem
786 1502 881 1565 fidem
906 1502 1106 1582 habebimus,
1125 1494 1227 1585 'quod

160 1608 200 1672 dc
224 1609 319 1672 rebus
343 1631 362 1672 a
383 1617 477 1693 parte
494 1609 712 1675 Macedonum
728 1612 781 1675 ille
797 1610 860 1675 fide
873 1603 997 1675 'nostra
1021 1610 1227 1691 dignissimus

161 1724 218 1788 est,
265 1716 382 1799 Itaque
399 1716 563 1781 Thirlwall
588 1718 622 1803 (l.
648 1740 675 1789 c,
692 1719 752 1789 vol.
770 1715 831 1805 VI,
856 1742 886 1801 p.
906 1716 993 1803 198),
1020 1716 1124 1783 Grote
1150 1719 1181 1805 (l,
1201 1740 1226 1781 o.

160 1824 247 1895 XII
275 1824 362 1911 187),
387 1823 536 1907 Droyseu
569 1824 603 1910 (l
629 1846 654 1895 c
680 1826 707 1895 Ι
734 1826 776 1891 12
802 1825 879 1911 288)
901 1824 992 1888 illum
1017 1826 1117 1889 secuti
1141 1832 1226 1895 suut

159 1933 243 1995 De
234 1938 300 1997 1nst
300 1939 371 1995 ruct
373 1954 393 1995 a
358 1932 516 1995 tolasse
540 1931 717 1996 Arrianus
711 1930 754 2019 22)
786 1932 865 1997 haec
889 1939 1020 1997 narzrat
1054 1934 1085 1996 iu
1112 1933 1189 1997 dext
1177 1942 1226 1997 tro

160 2062 260 2104 cornu
283 2038 507 2104 Alexandrum
534 2038 693 2104 fuisset
660 2046 693 2104 cl
726 2062 796 2103 cum
831 2061 868 2104 eo
899 2062 1007 2106 onmes
1034 2040 1228 2128 Cypriorum

159 2168 252 2228 reges
284 2147 488 2229 reliquosque
511 2145 690 2210 Phoenices
723 2154 855 2231 excepto
884 2148 1083 2231 Pnytagoras,
1131 2148 1229 2213 Hunc

161 2257 245 2319 enim
270 2260 302 2317 et
326 2252 495 2318 Craterum
519 2255 642 2319 laevum
667 2256 766 2320 totius
785 2255 870 2319 aciei
894 2276 1005 2342 eorum
1030 2257 1184 2325 tenuisse,

251 2361 473 2426 Alexandrum
497 2362 539 2425 ad
563 2383 635 2425 cum
653 2372 793 2447 portum,
820 2366 872 2446 qui
891 2362 1044 2429 Sidonem
1067 2364 1228 2445 vergebat,

162 2472 337 2552 navigasse,
351 2479 417 2534 tres
428 2470 599 2553 Tyriorum
606 2474 754 2537 triremes
764 2473 805 2537 ad
817 2479 974 2537 extremas
985 2471 1092 2535 fauces
1105 2473 1229 2555 positas

163 2578 340 2642 Phoenices
373 2577 571 2645 demersisse.
619 2578 714 2662 Quod
748 2580 869 2644 factum
905 2579 991 2663 apud
1016 2578 1165 2644 Curtium
1199 2584 1229 2641 et

164 2686 343 2751 Diodorum
374 2709 502 2770 quoque
533 2696 654 2752 mrem
655 2711 702 2753 ur
756 2686 846 2770 Quae
879 2695 943 2752 tres
976 2686 1179 2751 narrationes
1188 2684 1228 2768 22)

162 2797 245 2860 inter
268 2816 301 2859 se
327 2814 488 2859 connexae
513 2802 545 2860 et
569 2803 664 2880 aptae
688 2803 771 2866 sunt
749 2795 909 2860 tOiut
888 2802 977 2859 tuun
990 2803 1022 2859 et
1009 2792 1229 2859 tDiodorum

106 2901 109 2906 ’
162 2903 204 2967 ad
228 2903 365 2967 eundem
388 2902 459 2967 font
446 2910 511 2967 tem
534 2910 681 2987 'spectare
706 2926 763 2988 pro
787 2910 855 2969 cert
841 2903 1057 2972 tcbabemus
1104 2898 1230 2964 Kaerst

137 3011 197 3095 ’(1,
222 3032 248 3080 c.
273 3034 304 3093 p,
324 3013 376 3096 16)
403 3009 531 3093 quidem
555 3011 639 3075 huuc
663 3010 770 3076 locum
795 3011 882 3096 aliud
899 3011 1076 3076 Arriauum
1101 3015 1133 3072 et
1149 3008 1229 3073 Our-

161 3118 423 3199 tiumcongruere
434 3118 522 3199 vidit,
532 3120 814 3203 praeteriitantem
825 3116 1228 3203 neglegentiaDiodormu

164 3223 269 3307 Quam
294 3224 335 3289 oh
359 3246 426 3289 rem
450 3225 533 3289 falso
554 3226 678 3291 iudicat
701 3227 796 3291 haec:
823 3227 940 3309 „Doch
963 3229 1006 3291 ist
1029 3226 1079 3289 bui
1096 3225 1229 3290 Curtius

163 3332 232 3396 hier
255 3333 372 3397 wieder
396 3334 465 3397 eine
490 3334 664 3417 allerdiugs
688 3334 780 3399 recht
803 3332 1131 3399 uuuahrsche'iuliche
1150 3334 1229 3401 Ver-

232 3618 267 3684 22)
286 3618 399 3672 Curtius
419 3618 471 3674 IV.
491 3621 516 3686 2,
535 3618 571 3671 94
590 3623 618 3671 et
636 3618 661 3686 3,
685 3620 706 3685 l,
727 3622 751 3674 7.

232 3706 264 3771 22)
285 3710 431 3776 Arrianus,
451 3710 531 3761 anab.
551 3707 591 3761 ΙΙ.
611 3711 655 3775 20,
674 3710 700 3761 4.

233 3796 560 3865 Qmssm6m.
1153 3810 1157 3823 '

234 3885 266 3958 ⁵4)
288 3887 352 3940 Arr.
369 3887 411 3943 Π.
432 3891 475 3955 20,
494 3888 523 3956 95
544 3886 619 3942 Curt
640 3886 691 3943 IV.
711 3886 736 3961 3,
759 3884 803 3953 123
824 3885 906 3939 Diod.
927 3884 1024 3943 XVII.
1044 3885 1086 3951 43,
1106 3885 1130 3939 3.
