2642 4242
533 274 808 362 ¹·--ao--

159 449 272 515 XXX
296 449 421 515 milibus
442 450 508 516 fere
532 453 591 518 suh
607 452 736 517 hastam
760 453 938 533 missaesse,
968 473 1039 516 cum
1057 451 1229 516 Diodorus

160 559 199 624 de
208 559 302 624 XIII
323 559 412 623 milia
427 560 587 646 loquatur,
622 558 714 642 Quae
731 559 862 626 Curtius
882 561 923 624 de
942 559 1080 625 Sidoniis
1098 561 1234 627 rettulit

159 689 213 732 eos
231 669 300 736 XV
323 667 411 732 milia
433 670 529 732 morti
546 669 737 734 subduxisse
754 668 919 732 credibilia
935 668 1023 733 nullo
1040 667 1135 732 modo
1153 689 1231 732 esse

160 778 304 859 possunt,
311 777 324 817 ⁴⁵
333 777 341 817 ¹
343 790 354 858 )
400 773 463 860 Qui
479 799 630 841 numerus
646 777 760 840 nimius
785 782 834 840 est
857 798 934 858 prae
951 777 1065 841 ceteris
1083 779 1231 841 numeris

160 882 297 947 traditis
339 881 404 948 Sed
428 887 538 966 negari
562 906 625 948 non
649 890 757 966 potest
774 883 923 949 Sidonios
948 907 1115 950 numerum
1136 884 1232 948 haud

161 990 375 1076 spernendum
399 989 568 1074 Tyriorum
593 991 745 1058 Sidonem
768 993 966 1076 perduxisse.
980 993 1028 1080 62)·
1061 991 1231 1077 Numerus

160 1099 350 1180 amissorum
359 1098 574 1164 Macedonum
593 1101 866 1184 apudArrianum
885 1101 1014 1165 minimo
1026 1101 1230 1164 aestimatur.

161 1205 226 1270 Ille
245 1208 333 1269 enim
353 1207 398 1269 ait
422 1227 461 1270 ex
477 1205 610 1271 ducibus
629 1207 807 1272 Admetum
826 1216 947 1273 etcum
967 1231 1005 1273 eo
1026 1209 1138 1290 viginti
1156 1229 1232 1270 scu-

161 1319 256 1394 tatoS,
289 1315 322 1376 in
345 1313 492 1377 universa
522 1336 593 1378 vero
619 1316 784 1380 obsidione
808 1317 936 1379 circiter
969 1313 1230 1398 quadringentos

160 1421 328 1492 interiisse,
376 1417 433 1484 Sin
456 1428 564 1485 autern
595 1421 734 1506 impetus
759 1423 890 1487 crebros
922 1423 955 1484 in
984 1423 1097 1486 urbem
1120 1421 1230 1485 factos

161 1532 348 1612 respexeris,
373 1531 406 1593 in
430 1531 544 1612 quibam
568 1531 757 1596 Alexander
785 1509 859 1615 acri¹
875 1532 1048 1610 certamine
1072 1553 1091 1593 a
1116 1528 1228 1611 Tyriis

161 1636 386 1718 repellebatur,
405 1660 528 1702 mecum
549 1641 726 1704 consenties
745 1638 923 1702 Arrianum
944 1660 1110 1701 numerum
1130 1640 1230 1702 amis-

162 1767 268 1809 sorum
292 1769 311 1809 a
334 1753 427 1828 parte
450 1745 667 1810 Macedonum
691 1747 856 1828 hocloco,
882 1754 918 1811 ut
946 1748 978 1809 in
1002 1745 1071 1809 aliis
1096 1767 1230 1827 quoque

162 1853 380 1917 occasionibus
405 1854 569 1937 aliquanto
594 1855 809 1938 minuissessss)
858 1924 860 1928 μ

250 1959 370 2046 Tyrum
389 1963 523 2044 septimo
540 1983 647 2026 mense
665 1961 705 2025 ab
717 1961 904 2025 Alexandro
920 1966 1136 2043 expugnatam
1156 1981 1230 2022 esse

161 2067 290 2132 Curtius
308 2068 470 2134 Diodorus
481 2069 677 2137 Plutarchus
694 2078 907 2152 congruenter
924 2077 1067 2140 narrant,
1100 2067 1226 2132 Urbem

161 2183 286 2261 captam
313 2199 383 2241 esse
407 2175 562 2243 archonte
579 2180 717 2244 Athenis
739 2178 888 2258 Aniceto,
913 2199 1023 2240 mense
1047 2175 1229 2240 Hecatom-

161 2283 283 2350 baeone
300 2283 459 2349 Arrianus
484 2286 537 2350 ait.
586 2288 666 2351 Dies
683 2287 926 2368 expugnationis
949 2310 1013 2351 non
1038 2287 1114 2350 satis
1139 2291 1230 2348 certe

161 2378 350 2456 statuendus
375 2401 431 2475 est,
458 2396 581 2460 sivero
606 2394 809 2476 conserimus,
839 2417 922 2477 quae
951 2395 1028 2464 Arr,
1052 2393 1100 2463 Π,
1126 2396 1180 2467 24,
1208 2396 1229 2457 6

161 2508 193 2566 ot
215 2500 419 2583 Plutarchus
443 2501 539 2568 Alex,
566 2508 607 2568 25
637 2511 857 2583 narraverunt,
888 2504 994 2585 colligi
1024 2508 1131 2587 potest
1152 2503 1230 2565 eir-

161 2609 240 2674 eiter
263 2633 291 2683 a,
309 2611 339 2682 d,
357 2611 461 2682 XIH,
479 2611 547 2680 Oal.
566 2609 764 2694 Septembris
782 2633 810 2683 a,
829 2616 892 2674 332
911 2633 938 2674 a.
957 2609 1034 2681 Chr,
1052 2633 1082 2673 n.
1103 2609 1229 2691 Tyrum

93 2791 96 2798 Α
161 2724 287 2800 captam
313 2719 444 2804 essessll
492 2717 587 2800 Quod
611 2726 773 2802 postremo
799 2719 916 2805 attinet
937 2717 978 2781 ad
1003 2719 1227 2800 quaestionem

161 2825 200 2888 de
219 2824 360 2890 fontibus
378 2828 411 2890 in
425 2809 533 2890 'altera
549 2835 641 2908 parte
661 2828 854 2890 narrationis
874 2825 961 2909 apud
981 2824 1157 2888 Arrianum
1177 2823 1228 2895 Il.

163 2935 201 2995 21
223 2953 291 3016 sqq.
317 2935 380 2998 iam
405 2956 502 3016 snpra
526 2935 742 2998 coniecturam
766 2934 897 2998 lecimus
914 2932 1091 2996 Arrianum
1112 2931 1231 2996 iudea

164 3097 293 3104 --..‹.„.-„..
298 3100 300 3102 .
312 3099 375 3104 „—

232 3183 266 3251 61)
285 3185 409 3252 Explent
434 3190 526 3238 autern
550 3185 659 3237 numeri
684 3186 758 3252 spond
780 3184 909 3237 Curtium
934 3189 962 3236 et
981 3182 1138 3236 Diodorum
1163 3199 1231 3235 eon-

162 3275 291 3326 summati
310 3274 368 3326 fere
396 3291 543 3326 nnmerum
576 3274 752 3342 captiuorum
786 3274 861 3340 apud
889 3272 1049 3324 Arriannm.
1097 3271 1231 3325 Fortasse

162 3363 301 3416 Arrianus
322 3367 470 3431 utrumqne
499 3381 645 3416 nnmerum
675 3367 832 3430 separatum
858 3363 998 3416 invenerit
1021 3366 1049 3413 et
1079 3362 1231 3415 brevitatis

162 3469 245 3504 cansa
264 3454 437 3506 contraxerit
456 3457 484 3506 et
503 3453 706 3506 rotundaverit.

233 3539 266 3607 62)
287 3542 320 3594 cf.
341 3542 539 3598 Thirlwall:
559 3545 576 3596 l.
597 3561 618 3596 c.
638 3541 691 3597 VI.
710 3560 737 3610 p.
756 3543 817 3594 aba.

233 3631 265 3700 63)
286 3633 368 3701 Quod
387 3633 488 3686 attinet
507 3633 542 3685 ad
561 3633 676 3685 amissos
689 3629 858 3684 Macedones
878 3630 976 3683 addam
992 3629 1147 3682 Arrianum
1167 3631 1232 3681 tnn-

162 3727 222 3776 tum
241 3723 324 3776 modo
338 3723 452 3776 amissos
466 3722 635 3775 Macedones
654 3723 729 3790 ipsos
743 3737 959 3774 commemorare
976 3725 1005 3773 et
1018 3719 1131 3772 amissos
1150 3720 1232 3772 anxi·

162 3813 264 3872 liorum
282 3811 469 3866 Macedonum
489 3813 600 3865 silentio
619 3813 774 3880 praeterire
793 3812 890 3863 solere.

234 3901 266 3978 ⁶4)
287 3902 321 3962 of.
341 3901 517 3974 Droysen:
538 3903 557 3955 l.
577 3919 600 3956 c.
621 3919 646 3980 p.
668 3900 691 3955 Ι.
712 3898 789 3979 1211.
809 3899 869 3967 294,
889 3918 918 3954 n.
940 3903 961 3960 l,
