2642 4242
583 124 761 178 ...25-

219 303 317 382 Quae
341 302 500 366 fabulose
525 318 604 364 cum
632 302 864 382 exposuisset,
900 310 1015 365 ortum
1038 301 1240 365 Alexandri

112 419 145 480 ei
179 418 256 497 diei,
293 419 352 498 qui
385 419 537 480 maxime
567 435 645 480 esse
675 418 861 481 videbatur
888 417 1045 497 idoneus,
1080 419 1239 482 tribuere

113 535 247 598 auctori
281 534 417 597 licebat.
454 552 520 597 nec
555 535 630 597 sine
666 551 774 597 causa
801 535 953 615 primum
982 534 1075 596 diem
1102 535 1238 597 mensis

112 650 215 731 Tybi'
232 650 308 714 sive
331 649 432 714 Mart.
457 654 497 715 21
530 650 705 714 delectum
731 668 811 713 esse
839 651 998 713 arbitror.
1045 651 1114 712 hoc
1142 650 1238 712 enim

112 774 269 846 tempore
298 766 337 830 fit
364 783 512 829 vernum
536 767 805 848 aequinoctium,
834 766 895 830 ubi
917 775 1001 829 tunc
1024 768 1237 829 movebatur

112 892 208 946 terra
223 881 259 949 iu
276 883 372 946 sidus
396 883 516 946 arietis
525 887 558 965 ¹),
584 883 675 947 sicut
691 883 812 946 scribit
828 891 1051 946 astronomus
1064 882 1236 946 Geminus

113 999 211 1080 (isag.
239 1001 285 1080 l):
310 1005 475 1079 διαιρεῖται
505 1003 539 1065 δὲ
569 1001 763 1079 ὁέναιίσιος
792 1002 911 1080 χρόνος
935 1001 980 1078 εἰς
1004 1001 1083 1079 μέρη
1107 1000 1146 1077 b’,
1170 1000 1235 1079 ἔαρ,

112 1117 216 1196 θέρος,
239 1117 450 1196 φθινόπωρον
472 1119 524 1181 καί
546 1120 696 1196 χειμῶνα
721 1118 829 1196 ἐαρίνη
854 1119 911 1196 μὲν
934 1116 994 1181 οὖν
1018 1117 1165 1196 ἰσημερία
1192 1119 1235 1194 γί-

111 1253 219 1309 γνεται
243 1235 315 1312 περὶ
337 1235 396 1310 τὴν
418 1236 484 1297 τῶν
507 1223 633 1298 ἄνθεων
655 1233 769 1312 ἀκμὴν·
782 1234 817 1297 ἐν
840 1237 930 1312 κριοῦ
954 1238 1014 1316 μιᾷ-
1031 1234 1134 1316 μοίρᾳ.

218 1346 340 1428 Itaque
370 1347 462 1410 diem
489 1348 643 1411 natalem
672 1347 877 1425 Alexandri,
913 1364 1018 1427 quem
1046 1364 1233 1428 proseque-

111 1465 240 1527 bantur
262 1461 432 1543 Aegyptii
456 1463 583 1526 divinis
607 1462 701 1526 Iovis
724 1462 909 1526 Ammonis
936 1462 1139 1541 honoribus,
1175 1464 1234 1544 qui

111 1580 311 1660 fingebatur
349 1580 499 1642 nummis
538 1579 694 1642 arietinis
734 1578 789 1642 dei
833 1580 998 1643 cornibus
1041 1589 1231 1642 exornatus

112 1695 364 1778 (Wiedemann,
388 1695 541 1776 Aegypt.
568 1694 862 1777 Gesch.11724)‚
896 1696 932 1758 in
960 1695 1074 1778 primo
1102 1695 1231 1758 mensis

112 1812 204 1892 Tybi
227 1812 292 1890 die,
318 1812 377 1892 qui
400 1829 480 1874 cum
503 1811 664 1893 signatus
681 1820 776 1875 esset
790 1812 901 1891 ipsius
917 1811 1038 1874 arietis
1049 1811 1230 1874 Ammonis

111 1928 236 2007 sidere,
261 1927 465 1991 Alexandro
490 1935 566 1991 erat
578 1938 749 2008 sacratus,
772 1929 933 2009 posuisse
946 1936 1128 1991 auctorem
1138 1928 1230 1991 fabu-

111 2045 209 2124 losae
221 2045 442 2124 narrationis,
468 2053 506 2108 ut
518 2045 669 2125 gloriam
681 2053 828 2126 augeret
834 2048 858 2126 ²)
874 2045 970 2125 regis
987 2044 1081 2125 apud
1091 2043 1230 2126 Aegyp

110 2161 179 2224 tios
203 2178 339 2224 summa
363 2179 442 2224 cum
465 2161 720 2240 probabilitatis
744 2161 861 2241 specie
885 2161 953 2224 dici
975 2170 1101 2241 potest.
1130 2161 1231 2223 huius

113 2286 230 2340 autem
253 2277 305 2339 rei
326 2286 365 2340 ut
388 2277 579 2341 afferantur
602 2287 811 2359 argumenta
833 2277 1008 2357 perducor
1031 2277 1076 2340 ad
1105 2276 1230 2340 exami-

111 2392 266 2456 nandum
290 2403 395 2474 caput
419 2393 663 2457 duodecimum
685 2395 765 2458 libri
787 2394 899 2474 primi,
929 2394 1024 2474 quod
1048 2387 1232 2475 diligenter

111 2517 328 2590 pertractare
352 2511 436 2574 mihi
459 2510 571 2573 liceat.

217 2625 281 2689 Illo
310 2625 403 2690 enim
433 2627 545 2706 capite
576 2627 717 2707 copiose
747 2636 845 2690 ortus
872 2625 1068 2689 Alexandri
1096 2626 1231 2706 poetice

111 2742 325 2806 illuminatus
361 2743 564 2823 explicatur.
602 2743 741 2806 codices
770 2742 1148 2806 Pseudo-Callisthenis
1177 2741 1232 2805 hic

112 2876 250 2940 quoque
273 2860 429 2939 paullum
452 2859 543 2922 inter
565 2877 604 2922 se
625 2859 796 2922 differunt.
822 2859 997 2924 uberrime
1013 2875 1089 2921 rem
1104 2866 1232 2920 tractat

111 2975 373 3057 antiquissimus
398 2975 520 3038 codex·
533 2974 567 3037 A
579 2975 769 3054 Parisinus
793 2975 878 3039 illud
894 2983 1012 3037 autem
1029 2975 1230 3057 caput-duo-

112 3091 285 3154 decimum
309 3091 516 3172 corruptelis
540 3100 574 3154 et
597 3092 733 3155 lacunis
756 3101 829 3155 tam
845 3091 946 3154 foede
962 3091 1171 3170 mutilatum,
1194 3101 1232 3153 ut

110 3208 171 3270 vix
187 3207 341 3288 priscam
356 3207 505 3270 sormam
521 3208 726 3288 intellegere
742 3209 928 3290 possimus,
945 3207 1113 3270 traditum
1128 3207 1231 3271 habe-

110 3342 188 3387 mus
217 3343 238 3388 a
267 3324 383 3387 scriba
411 3324 490 3391 rudi
519 3341 807 3405 graecorumque,
843 3342 934 3405 quae
963 3331 1127 3387 exararet
1156 3341 1232 3387 ver-

217 3549 244 3613 1)
262 3550 370 3600 Nostris
394 3549 488 3600 diebus
512 3555 582 3598 terra
599 3551 649 3598 iam
669 3555 781 3601 nonest
805 3549 832 3598 in
862 3549 948 3598 arietis
976 3551 1024 3616 sed
1051 3549 1119 3598 tauri
1147 3549 1234 3599 sidere

109 3649 174 3698 circa
191 3663 301 3698 vernum
319 3648 523 3713 aequinoctium.
555 3649 626 3714 quod
644 3649 737 3696 sactum
757 3663 815 3697 esse
833 3647 881 3698 illo
897 3654 1076 3707 terraemotu,
1094 3663 1174 3713 quem
1184 3664 1233 3698 uos

110 3746 299 3815 „Praecession
318 3747 366 3796 der
383 3721 604 3810 Nachtgleichen“
624 3745 795 3811 appellamus,
814 3752 904 3795 notum
924 3755 972 3798 est.

216 3844 244 3912 2)
263 3847 363 3894 Eadem
383 3847 416 3895 de
439 3860 515 3894 causa
539 3842 632 3896 11135
660 3843 719 3894 sole
747 3845 849 3894 oriente
876 3845 904 3894 in
931 3843 1017 3893 lucem
1046 3844 1146 3893 editum
1174 3860 1233 3894 esse

110 3943 292 3993 Alexandrum
320 3944 442 4011 narravit,
470 3943 619 4008 oppositam
646 3942 686 3991 ibi
713 3958 769 3992 esse
797 3958 897 3994 vocem:
917 3941 1057 4008 ἀνατολῆς
1074 3943 1163 4008 οὔσης
1181 3948 1232 3995 τοῦ

111 4037 191 4105 ἡλίου
210 4041 266 4092 voci
285 4041 393 4104 δύσεως
411 4041 498 4114 οὔοης
519 4043 570 4092 τοῦ
590 4039 671 4105 ἡλίου
690 4041 753 4090 mihi
773 4041 878 4105 quidem
897 4056 1050 4106 persuasum
1068 4047 1116 4110 est.
