<?xml version="1.0" encoding="UTF-8"?>
<!DOCTYPE html PUBLIC "-//W3C//DTD XHTML 1.0 Transitional//EN"
    "http://www.w3.org/TR/xhtml1/DTD/xhtml1-transitional.dtd">
<html xmlns="http://www.w3.org/1999/xhtml" xml:lang="en" lang="en">
 <head>
  <title>
</title>
<meta http-equiv="Content-Type" content="text/html;charset=utf-8" />
  <meta name='ocr-system' content='tesseract 3.04.00' />
  <meta name='ocr-capabilities' content='ocr_page ocr_carea ocr_par ocr_line ocrx_word'/>
</head>
<body>
  <div class='ocr_page' id='page_1' title='image "./commentationisd00geiegoog_0113.png"; bbox 0 0 2642 4242; ppageno 0'>
   <div class='ocr_carea' id='block_1_1' title="bbox 535 775 766 872">
    <p class='ocr_par' dir='ltr' id='par_1_1' title="bbox 535 775 766 872">
     <span class='ocr_line' id='line_1_1' title="bbox 535 775 766 872; baseline 0.022 -6"><span class='ocrx_word' id='word_1_1' title='bbox 535 775 766 872; x_wconf 79' lang='lat' dir='ltr'>Vita.</span> 
     </span>
    </p>
   </div>
   <div class='ocr_carea' id='block_1_2' title="bbox 73 1076 1245 3203">
    <p class='ocr_par' dir='ltr' id='par_1_2' title="bbox 105 1076 1227 1686">
     <span class='ocr_line' id='line_1_2' title="bbox 182 1076 1179 1133; baseline -0.003 0"><span class='ocrx_word' id='word_1_2' title='bbox 182 1080 273 1133; x_wconf 88' lang='lat' dir='ltr'>Natus</span> <span class='ocrx_word' id='word_1_3' title='bbox 302 1098 364 1133; x_wconf 88' lang='lat' dir='ltr'>sum</span> <span class='ocrx_word' id='word_1_4' title='bbox 391 1079 660 1133; x_wconf 83' lang='lat' dir='ltr'>Maximilianus</span> <span class='ocrx_word' id='word_1_5' title='bbox 689 1079 824 1133; x_wconf 81' lang='lat' dir='ltr'>Glueck</span> <span class='ocrx_word' id='word_1_6' title='bbox 852 1077 928 1131; x_wconf 84' lang='lat' dir='ltr'>Tilse</span> <span class='ocrx_word' id='word_1_7' title='bbox 956 1095 980 1131; x_wconf 87' lang='lat' dir='ltr'>a.</span> <span class='ocrx_word' id='word_1_8' title='bbox 1008 1078 1036 1132; x_wconf 85' lang='lat' dir='ltr'>d.</span> <span class='ocrx_word' id='word_1_9' title='bbox 1055 1077 1082 1131; x_wconf 93' lang='lat' dir='ltr'>V</span> <span class='ocrx_word' id='word_1_10' title='bbox 1111 1076 1179 1130; x_wconf 88' lang='lat' dir='ltr'>Idus</span> 
     </span>
     <span class='ocr_line' id='line_1_3' title="bbox 107 1166 1179 1237; baseline -0.001 -16"><span class='ocrx_word' id='word_1_11' title='bbox 107 1169 263 1225; x_wconf 84' lang='lat' dir='ltr'>Novembr.</span> <span class='ocrx_word' id='word_1_12' title='bbox 282 1187 306 1221; x_wconf 89' lang='lat' dir='ltr'>a.</span> <span class='ocrx_word' id='word_1_13' title='bbox 326 1166 526 1224; x_wconf 83' lang='lat' dir='ltr'><strong>MDCCCLIX</strong></span> <span class='ocrx_word' id='word_1_14' title='bbox 549 1174 629 1237; x_wconf 85' lang='lat' dir='ltr'>parte</span> <span class='ocrx_word' id='word_1_15' title='bbox 648 1168 791 1237; x_wconf 68' lang='lat' dir='ltr'>ridulpho,</span> <span class='ocrx_word' id='word_1_16' title='bbox 816 1173 905 1221; x_wconf 84' lang='lat' dir='ltr'>matre</span> <span class='ocrx_word' id='word_1_17' title='bbox 924 1166 1023 1221; x_wconf 82' lang='lat' dir='ltr'>Emma</span> <span class='ocrx_word' id='word_1_18' title='bbox 1042 1166 1077 1220; x_wconf 91' lang='lat' dir='ltr'>de</span> <span class='ocrx_word' id='word_1_19' title='bbox 1095 1171 1179 1235; x_wconf 83' lang='lat' dir='ltr'>gente</span> 
     </span>
     <span class='ocr_line' id='line_1_4' title="bbox 107 1257 1179 1327; baseline -0.002 -16"><span class='ocrx_word' id='word_1_20' title='bbox 107 1258 252 1311; x_wconf 88' lang='lat' dir='ltr'>Vortheil.</span> <span class='ocrx_word' id='word_1_21' title='bbox 281 1257 367 1311; x_wconf 86' lang='lat' dir='ltr'>Pater</span> <span class='ocrx_word' id='word_1_22' title='bbox 384 1257 454 1309; x_wconf 88' lang='lat' dir='ltr'>mihi</span> <span class='ocrx_word' id='word_1_23' title='bbox 473 1261 539 1310; x_wconf 86' lang='lat' dir='ltr'>ante</span> <span class='ocrx_word' id='word_1_24' title='bbox 559 1258 609 1310; x_wconf 90' lang='lat' dir='ltr'>hos</span> <span class='ocrx_word' id='word_1_25' title='bbox 629 1263 764 1325; x_wconf 85' lang='lat' dir='ltr'>quattuor</span> <span class='ocrx_word' id='word_1_26' title='bbox 778 1275 865 1311; x_wconf 85' lang='lat' dir='ltr'>annos</span> <span class='ocrx_word' id='word_1_27' title='bbox 876 1264 987 1326; x_wconf 87' lang='lat' dir='ltr'>ereptus</span> <span class='ocrx_word' id='word_1_28' title='bbox 998 1262 1048 1327; x_wconf 79' lang='lat' dir='ltr'>est,</span> <span class='ocrx_word' id='word_1_29' title='bbox 1062 1262 1179 1311; x_wconf 84' lang='lat' dir='ltr'>matrem</span> 
     </span>
     <span class='ocr_line' id='line_1_5' title="bbox 107 1336 1227 1417; baseline -0.001 -17"><span class='ocrx_word' id='word_1_30' title='bbox 107 1349 290 1417; x_wconf 77' lang='lat' dir='ltr'><strong>superstitem</strong></span> <span class='ocrx_word' id='word_1_31' title='bbox 309 1364 367 1400; x_wconf 87' lang='lat' dir='ltr'>esse</span> <span class='ocrx_word' id='word_1_32' title='bbox 389 1348 487 1400; x_wconf 86' lang='lat' dir='ltr'>laetor.</span> <span class='ocrx_word' id='word_1_33' title='bbox 524 1346 604 1400; x_wconf 87' lang='lat' dir='ltr'>Fidei</span> <span class='ocrx_word' id='word_1_34' title='bbox 624 1346 752 1400; x_wconf 87' lang='lat' dir='ltr'>addictus</span> <span class='ocrx_word' id='word_1_35' title='bbox 772 1340 832 1400; x_wconf 86' lang='lat' dir='ltr'>sum</span> <span class='ocrx_word' id='word_1_36' title='bbox 852 1349 1039 1417; x_wconf 85' lang='lat' dir='ltr'>evangelicae.</span> <span class='ocrx_word' id='word_1_37' title='bbox 1075 1346 1179 1399; x_wconf 84' lang='lat' dir='ltr'>Primis</span> <span class='ocrx_word' id='word_1_38' title='bbox 1219 1336 1227 1351; x_wconf 65' lang='lat'>⁰</span> 
     </span>
     <span class='ocr_line' id='line_1_6' title="bbox 105 1418 1179 1518; baseline 0.002 -29"><span class='ocrx_word' id='word_1_39' title='bbox 105 1438 269 1518; x_wconf 75' lang='lat' dir='ltr'>litterarum</span> <span class='ocrx_word' id='word_1_40' title='bbox 298 1418 444 1491; x_wconf 86' lang='lat' dir='ltr'>elementis</span> <span class='ocrx_word' id='word_1_41' title='bbox 472 1438 502 1489; x_wconf 92' lang='lat' dir='ltr'>in</span> <span class='ocrx_word' id='word_1_42' title='bbox 520 1437 585 1502; x_wconf 84' lang='lat' dir='ltr'>vico</span> <span class='ocrx_word' id='word_1_43' title='bbox 604 1434 756 1489; x_wconf 86' lang='lat' dir='ltr'>Borussiae</span> <span class='ocrx_word' id='word_1_44' title='bbox 774 1438 927 1506; x_wconf 71' lang='lat' dir='ltr'>orientalia,</span> <span class='ocrx_word' id='word_1_45' title='bbox 954 1440 997 1491; x_wconf 73' lang='lat' dir='ltr'>etri</span> <span class='ocrx_word' id='word_1_46' title='bbox 1017 1454 1118 1491; x_wconf 86' lang='lat' dir='ltr'>nomen</span> <span class='ocrx_word' id='word_1_47' title='bbox 1136 1442 1179 1491; x_wconf 83' lang='lat' dir='ltr'>est</span> 
     </span>
     <span class='ocr_line' id='line_1_7' title="bbox 106 1517 1179 1597; baseline -0.001 -17"><span class='ocrx_word' id='word_1_48' title='bbox 106 1520 304 1595; x_wconf 78' lang='lat' dir='ltr'>Kaukehmcn,</span> <span class='ocrx_word' id='word_1_49' title='bbox 324 1528 353 1579; x_wconf 92' lang='lat' dir='ltr'>in</span> <span class='ocrx_word' id='word_1_50' title='bbox 373 1527 439 1594; x_wconf 74' lang='lat' dir='ltr'>ludo</span> <span class='ocrx_word' id='word_1_51' title='bbox 459 1526 599 1579; x_wconf 84' lang='lat' dir='ltr'>litterario</span> <span class='ocrx_word' id='word_1_52' title='bbox 619 1526 743 1579; x_wconf 87' lang='lat' dir='ltr'>imbutus</span> <span class='ocrx_word' id='word_1_53' title='bbox 757 1527 858 1580; x_wconf 86' lang='lat' dir='ltr'>deinde</span> <span class='ocrx_word' id='word_1_54' title='bbox 878 1546 893 1581; x_wconf 86' lang='lat' dir='ltr'>a</span> <span class='ocrx_word' id='word_1_55' title='bbox 910 1529 1045 1597; x_wconf 87' lang='lat' dir='ltr'>magistro</span> <span class='ocrx_word' id='word_1_56' title='bbox 1058 1517 1179 1595; x_wconf 79' lang='lat' dir='ltr'>quodam</span> 
     </span>
     <span class='ocr_line' id='line_1_8' title="bbox 105 1615 1000 1686; baseline 0.001 -17"><span class='ocrx_word' id='word_1_57' title='bbox 105 1617 220 1685; x_wconf 85' lang='lat' dir='ltr'>privato</span> <span class='ocrx_word' id='word_1_58' title='bbox 239 1618 392 1686; x_wconf 80' lang='lat' dir='ltr'>linguiset</span> <span class='ocrx_word' id='word_1_59' title='bbox 410 1617 498 1669; x_wconf 85' lang='lat' dir='ltr'>latino</span> <span class='ocrx_word' id='word_1_60' title='bbox 518 1621 547 1669; x_wconf 90' lang='lat' dir='ltr'>et</span> <span class='ocrx_word' id='word_1_61' title='bbox 565 1615 766 1685; x_wconf 83' lang='lat' dir='ltr'>francogallica</span> <span class='ocrx_word' id='word_1_62' title='bbox 786 1615 912 1669; x_wconf 88' lang='lat' dir='ltr'>eruditus</span> <span class='ocrx_word' id='word_1_63' title='bbox 932 1634 1000 1670; x_wconf 89' lang='lat' dir='ltr'>sum.</span> 
     </span>
    </p>

    <p class='ocr_par' dir='ltr' id='par_1_3' title="bbox 73 1703 1245 3203">
     <span class='ocr_line' id='line_1_9' title="bbox 180 1703 1177 1775; baseline 0 -17"><span class='ocrx_word' id='word_1_64' title='bbox 180 1703 256 1759; x_wconf 82' lang='lat' dir='ltr'>Vere</span> <span class='ocrx_word' id='word_1_65' title='bbox 286 1724 309 1759; x_wconf 90' lang='lat' dir='ltr'>a.</span> <span class='ocrx_word' id='word_1_66' title='bbox 329 1705 357 1757; x_wconf 91' lang='lat' dir='ltr'>h.</span> <span class='ocrx_word' id='word_1_67' title='bbox 376 1724 396 1758; x_wconf 88' lang='lat' dir='ltr'>s.</span> <span class='ocrx_word' id='word_1_68' title='bbox 416 1704 531 1758; x_wconf 86' lang='lat' dir='ltr'>LXXII</span> <span class='ocrx_word' id='word_1_69' title='bbox 559 1706 617 1758; x_wconf 87' lang='lat' dir='ltr'>adii</span> <span class='ocrx_word' id='word_1_70' title='bbox 642 1705 877 1775; x_wconf 86' lang='lat' dir='ltr'>realgymnasium</span> <span class='ocrx_word' id='word_1_71' title='bbox 897 1704 1030 1774; x_wconf 81' lang='lat' dir='ltr'>Tilsense,</span> <span class='ocrx_word' id='word_1_72' title='bbox 1060 1706 1108 1758; x_wconf 87' lang='lat' dir='ltr'>ubi</span> <span class='ocrx_word' id='word_1_73' title='bbox 1127 1704 1177 1759; x_wconf 89' lang='lat' dir='ltr'>sub</span> 
     </span>
     <span class='ocr_line' id='line_1_10' title="bbox 105 1794 1178 1863; baseline 0.001 -17"><span class='ocrx_word' id='word_1_74' title='bbox 105 1794 238 1859; x_wconf 78' lang='lat' dir='ltr'>auspiciis</span> <span class='ocrx_word' id='word_1_75' title='bbox 269 1794 388 1863; x_wconf 88' lang='lat' dir='ltr'>Kochii,</span> <span class='ocrx_word' id='word_1_76' title='bbox 420 1795 466 1848; x_wconf 93' lang='lat' dir='ltr'>cui</span> <span class='ocrx_word' id='word_1_77' title='bbox 495 1795 615 1863; x_wconf 79' lang='lat' dir='ltr'>gratiam</span> <span class='ocrx_word' id='word_1_78' title='bbox 643 1813 752 1863; x_wconf 84' lang='lat' dir='ltr'><strong>semper</strong></span> <span class='ocrx_word' id='word_1_79' title='bbox 780 1794 888 1850; x_wconf 85' lang='lat' dir='ltr'>habebo</span> <span class='ocrx_word' id='word_1_80' title='bbox 917 1796 1079 1861; x_wconf 77' lang='lat' dir='ltr'>maximam,</span> <span class='ocrx_word' id='word_1_81' title='bbox 1115 1812 1178 1849; x_wconf 86' lang='lat' dir='ltr'>vere</span> 
     </span>
     <span class='ocr_line' id='line_1_11' title="bbox 105 1878 1178 1958; baseline 0.003 -24"><span class='ocrx_word' id='word_1_82' title='bbox 105 1901 131 1937; x_wconf 88' lang='lat' dir='ltr'>a.</span> <span class='ocrx_word' id='word_1_83' title='bbox 151 1882 179 1936; x_wconf 87' lang='lat' dir='ltr'>h.</span> <span class='ocrx_word' id='word_1_84' title='bbox 199 1901 220 1935; x_wconf 88' lang='lat' dir='ltr'>s.</span> <span class='ocrx_word' id='word_1_85' title='bbox 242 1878 379 1937; x_wconf 84' lang='lat' dir='ltr'><strong>LXXXI</strong></span> <span class='ocrx_word' id='word_1_86' title='bbox 390 1885 560 1958; x_wconf 85' lang='lat' dir='ltr'>maturitatis</span> <span class='ocrx_word' id='word_1_87' title='bbox 579 1884 771 1937; x_wconf 87' lang='lat' dir='ltr'>testimonium</span> <span class='ocrx_word' id='word_1_88' title='bbox 791 1885 906 1949; x_wconf 84' lang='lat' dir='ltr'>adeptus</span> <span class='ocrx_word' id='word_1_89' title='bbox 926 1901 995 1938; x_wconf 88' lang='lat' dir='ltr'>sum.</span> <span class='ocrx_word' id='word_1_90' title='bbox 1022 1883 1178 1937; x_wconf 64' lang='lat' dir='ltr'>Aestatem</span> 
     </span>
     <span class='ocr_line' id='line_1_12' title="bbox 106 1972 1177 2029; baseline 0 -3"><span class='ocrx_word' id='word_1_91' title='bbox 106 1991 130 2026; x_wconf 93' lang='lat' dir='ltr'>e.</span> <span class='ocrx_word' id='word_1_92' title='bbox 150 1991 175 2026; x_wconf 88' lang='lat' dir='ltr'>a.</span> <span class='ocrx_word' id='word_1_93' title='bbox 204 1972 279 2026; x_wconf 88' lang='lat' dir='ltr'>domi</span> <span class='ocrx_word' id='word_1_94' title='bbox 309 1978 437 2026; x_wconf 82' lang='lat' dir='ltr'>versatus</span> <span class='ocrx_word' id='word_1_95' title='bbox 465 1974 567 2026; x_wconf 87' lang='lat' dir='ltr'>deinde</span> <span class='ocrx_word' id='word_1_96' title='bbox 594 1977 729 2027; x_wconf 87' lang='lat' dir='ltr'>autumno</span> <span class='ocrx_word' id='word_1_97' title='bbox 752 1973 859 2027; x_wconf 89' lang='lat' dir='ltr'>civibus</span> <span class='ocrx_word' id='word_1_98' title='bbox 878 1974 968 2027; x_wconf 83' lang='lat' dir='ltr'>alinae</span> <span class='ocrx_word' id='word_1_99' title='bbox 987 1974 1177 2029; x_wconf 85' lang='lat' dir='ltr'>universitatis</span> 
     </span>
     <span class='ocr_line' id='line_1_13' title="bbox 105 2047 1178 2133; baseline 0 -18"><span class='ocrx_word' id='word_1_100' title='bbox 105 2047 519 2132; x_wconf 63' lang='lat' dir='ltr'>Regimontanae‘adscriptus</span> <span class='ocrx_word' id='word_1_101' title='bbox 544 2081 618 2131; x_wconf 85' lang='lat' dir='ltr'>sum,</span> <span class='ocrx_word' id='word_1_102' title='bbox 640 2066 672 2115; x_wconf 87' lang='lat' dir='ltr'>ut</span> <span class='ocrx_word' id='word_1_103' title='bbox 692 2064 792 2117; x_wconf 87' lang='lat' dir='ltr'>studiis</span> <span class='ocrx_word' id='word_1_104' title='bbox 811 2064 970 2133; x_wconf 88' lang='lat' dir='ltr'>linguarum</span> <span class='ocrx_word' id='word_1_105' title='bbox 990 2064 1178 2117; x_wconf 79' lang='lat' dir='ltr'>recentiorum</span> 
     </span>
     <span class='ocr_line' id='line_1_14' title="bbox 107 2151 1177 2223; baseline 0.001 -19"><span class='ocrx_word' id='word_1_106' title='bbox 107 2170 224 2220; x_wconf 85' lang='lat' dir='ltr'>operam</span> <span class='ocrx_word' id='word_1_107' title='bbox 254 2153 358 2206; x_wconf 86' lang='lat' dir='ltr'>darem.</span> <span class='ocrx_word' id='word_1_108' title='bbox 396 2151 480 2215; x_wconf 84' lang='lat' dir='ltr'>Vere</span> <span class='ocrx_word' id='word_1_109' title='bbox 500 2152 566 2205; x_wconf 85' lang='lat' dir='ltr'>anni</span> <span class='ocrx_word' id='word_1_110' title='bbox 593 2152 621 2207; x_wconf 91' lang='lat' dir='ltr'>h.</span> <span class='ocrx_word' id='word_1_111' title='bbox 649 2171 670 2206; x_wconf 88' lang='lat' dir='ltr'>s.</span> <span class='ocrx_word' id='word_1_112' title='bbox 699 2152 857 2207; x_wconf 85' lang='lat' dir='ltr'><strong>LXXXIII</strong></span> <span class='ocrx_word' id='word_1_113' title='bbox 885 2152 1024 2223; x_wconf 76' lang='lat' dir='ltr'>gymnasii</span> <span class='ocrx_word' id='word_1_114' title='bbox 1043 2152 1177 2206; x_wconf 79' lang='lat' dir='ltr'>Tilsensis</span> 
     </span>
     <span class='ocr_line' id='line_1_15' title="bbox 105 2242 1177 2311; baseline 0 -17"><span class='ocrx_word' id='word_1_115' title='bbox 105 2243 303 2296; x_wconf 78' lang='lat' dir='ltr'>maturitatem</span> <span class='ocrx_word' id='word_1_116' title='bbox 330 2242 448 2309; x_wconf 87' lang='lat' dir='ltr'>adeptus</span> <span class='ocrx_word' id='word_1_117' title='bbox 470 2260 522 2311; x_wconf 89' lang='lat' dir='ltr'>per</span> <span class='ocrx_word' id='word_1_118' title='bbox 540 2259 589 2295; x_wconf 88' lang='lat' dir='ltr'>sex</span> <span class='ocrx_word' id='word_1_119' title='bbox 609 2244 752 2296; x_wconf 83' lang='lat' dir='ltr'>semestris</span> <span class='ocrx_word' id='word_1_120' title='bbox 772 2243 871 2296; x_wconf 87' lang='lat' dir='ltr'>studiis</span> <span class='ocrx_word' id='word_1_121' title='bbox 891 2243 1031 2297; x_wconf 76' lang='lat' dir='ltr'>historIcis</span> <span class='ocrx_word' id='word_1_122' title='bbox 1050 2260 1177 2297; x_wconf 89' lang='lat' dir='ltr'>necnon</span> 
     </span>
     <span class='ocr_line' id='line_1_16' title="bbox 105 2331 1176 2400; baseline 0 -16"><span class='ocrx_word' id='word_1_123' title='bbox 105 2332 305 2400; x_wconf 82' lang='lat' dir='ltr'>geopraphicis</span> <span class='ocrx_word' id='word_1_124' title='bbox 325 2348 439 2399; x_wconf 88' lang='lat' dir='ltr'>operam</span> <span class='ocrx_word' id='word_1_125' title='bbox 458 2331 531 2385; x_wconf 87' lang='lat' dir='ltr'>dedi.</span> <span class='ocrx_word' id='word_1_126' title='bbox 569 2332 624 2385; x_wconf 89' lang='lat' dir='ltr'>Per</span> <span class='ocrx_word' id='word_1_127' title='bbox 652 2350 700 2386; x_wconf 80' lang='lat' dir='ltr'>sex</span> <span class='ocrx_word' id='word_1_128' title='bbox 721 2332 865 2387; x_wconf 79' lang='lat' dir='ltr'>semestris</span> <span class='ocrx_word' id='word_1_129' title='bbox 884 2333 1026 2386; x_wconf 88' lang='lat' dir='ltr'>seminarii</span> <span class='ocrx_word' id='word_1_130' title='bbox 1050 2332 1176 2385; x_wconf 88' lang='lat' dir='ltr'>historici</span> 
     </span>
     <span class='ocr_line' id='line_1_17' title="bbox 104 2422 1176 2492; baseline 0.001 -18"><span class='ocrx_word' id='word_1_131' title='bbox 104 2422 210 2475; x_wconf 86' lang='lat' dir='ltr'>sodalis</span> <span class='ocrx_word' id='word_1_132' title='bbox 238 2422 287 2490; x_wconf 82' lang='lat' dir='ltr'>fui,</span> <span class='ocrx_word' id='word_1_133' title='bbox 321 2426 467 2489; x_wconf 88' lang='lat' dir='ltr'>praeterea</span> <span class='ocrx_word' id='word_1_134' title='bbox 495 2422 743 2475; x_wconf 80' lang='lat' dir='ltr'>exercitationibus</span> <span class='ocrx_word' id='word_1_135' title='bbox 765 2423 968 2492; x_wconf 81' lang='lat' dir='ltr'>geographicis,</span> <span class='ocrx_word' id='word_1_136' title='bbox 996 2440 1064 2490; x_wconf 88' lang='lat' dir='ltr'>quas</span> <span class='ocrx_word' id='word_1_137' title='bbox 1082 2423 1176 2475; x_wconf 85' lang='lat' dir='ltr'>mode·</span> 
     </span>
     <span class='ocr_line' id='line_1_18' title="bbox 104 2511 1177 2581; baseline 0.001 -17"><span class='ocrx_word' id='word_1_138' title='bbox 104 2512 222 2565; x_wconf 88' lang='lat' dir='ltr'>rabatur</span> <span class='ocrx_word' id='word_1_139' title='bbox 240 2511 446 2581; x_wconf 82' lang='lat' dir='ltr'>Zoeppritz‚</span> <span class='ocrx_word' id='word_1_140' title='bbox 476 2529 526 2578; x_wconf 87' lang='lat' dir='ltr'>per</span> <span class='ocrx_word' id='word_1_141' title='bbox 555 2515 690 2579; x_wconf 87' lang='lat' dir='ltr'>quattuor</span> <span class='ocrx_word' id='word_1_142' title='bbox 718 2514 862 2567; x_wconf 82' lang='lat' dir='ltr'>semestris</span> <span class='ocrx_word' id='word_1_143' title='bbox 889 2513 1013 2566; x_wconf 86' lang='lat' dir='ltr'>interlui.</span> <span class='ocrx_word' id='word_1_144' title='bbox 1050 2512 1177 2565; x_wconf 81' lang='lat' dir='ltr'>Examen</span> 
     </span>
     <span class='ocr_line' id='line_1_19' title="bbox 103 2600 1174 2669; baseline 0.005 -17"><span class='ocrx_word' id='word_1_145' title='bbox 103 2601 262 2669; x_wconf 83' lang='lat' dir='ltr'>rigorosnm</span> <span class='ocrx_word' id='word_1_146' title='bbox 281 2602 309 2655; x_wconf 89' lang='lat' dir='ltr'>d.</span> <span class='ocrx_word' id='word_1_147' title='bbox 330 2600 407 2655; x_wconf 88' lang='lat' dir='ltr'><strong>VIII</strong></span> <span class='ocrx_word' id='word_1_148' title='bbox 422 2600 525 2654; x_wconf 87' lang='lat' dir='ltr'>Martis</span> <span class='ocrx_word' id='word_1_149' title='bbox 542 2601 622 2654; x_wconf 89' lang='lat' dir='ltr'>subii.</span> <span class='ocrx_word' id='word_1_150' title='bbox 654 2602 763 2656; x_wconf 88' lang='lat' dir='ltr'>Audivi</span> <span class='ocrx_word' id='word_1_151' title='bbox 776 2604 851 2656; x_wconf 89' lang='lat' dir='ltr'>viros</span> <span class='ocrx_word' id='word_1_152' title='bbox 862 2602 1064 2657; x_wconf 85' lang='lat' dir='ltr'>illustrissimos</span> <span class='ocrx_word' id='word_1_153' title='bbox 1078 2602 1174 2657; x_wconf 87' lang='lat' dir='ltr'>hosce:</span> 
     </span>
     <span class='ocr_line' id='line_1_20' title="bbox 105 2690 1175 2760; baseline 0.003 -17"><span class='ocrx_word' id='word_1_154' title='bbox 105 2690 263 2759; x_wconf 73' lang='lat' dir='ltr'>Bauunart,</span> <span class='ocrx_word' id='word_1_155' title='bbox 285 2691 366 2758; x_wconf 77' lang='lat' dir='ltr'>flatu,</span> <span class='ocrx_word' id='word_1_156' title='bbox 386 2690 495 2756; x_wconf 78' lang='lat' dir='ltr'>Jordan,</span> <span class='ocrx_word' id='word_1_157' title='bbox 520 2692 637 2759; x_wconf 74' lang='lat' dir='ltr'>Rissuer,</span> <span class='ocrx_word' id='word_1_158' title='bbox 658 2692 809 2759; x_wconf 74' lang='lat' dir='ltr'>Lahmeyer,</span> <span class='ocrx_word' id='word_1_159' title='bbox 831 2692 957 2759; x_wconf 67' lang='lat' dir='ltr'>kotwich,</span> <span class='ocrx_word' id='word_1_160' title='bbox 978 2693 1065 2760; x_wconf 84' lang='lat' dir='ltr'>Prutz,</span> <span class='ocrx_word' id='word_1_161' title='bbox 1083 2692 1175 2760; x_wconf 80' lang='lat' dir='ltr'>Ruetl,</span> 
     </span>
     <span class='ocr_line' id='line_1_21' title="bbox 103 2770 1245 2850; baseline 0.001 -16"><span class='ocrx_word' id='word_1_162' title='bbox 103 2777 220 2849; x_wconf 75' lang='lat' dir='ltr'>Sonare,</span> <span class='ocrx_word' id='word_1_163' title='bbox 249 2779 399 2848; x_wconf 78' lang='lat' dir='ltr'>Schutert,</span> <span class='ocrx_word' id='word_1_164' title='bbox 429 2780 528 2848; x_wconf 75' lang='lat' dir='ltr'>Tmolo,</span> <span class='ocrx_word' id='word_1_165' title='bbox 557 2781 665 2848; x_wconf 81' lang='lat' dir='ltr'>walter,</span> <span class='ocrx_word' id='word_1_166' title='bbox 695 2770 822 2849; x_wconf 79' lang='lat' dir='ltr'>wichart,</span> <span class='ocrx_word' id='word_1_167' title='bbox 851 2782 991 2850; x_wconf 79' lang='lat' dir='ltr'>Zoenurltz</span> <span class='ocrx_word' id='word_1_168' title='bbox 1020 2782 1047 2850; x_wconf 86' lang='lat'>†‚</span> <span class='ocrx_word' id='word_1_169' title='bbox 1075 2780 1174 2849; x_wconf 82' lang='lat' dir='ltr'>Favre,</span> <span class='ocrx_word' id='word_1_170' title='bbox 1240 2809 1245 2816; x_wconf 91' lang='lat'><em>·</em></span> 
     </span>
     <span class='ocr_line' id='line_1_22' title="bbox 104 2864 1175 2939; baseline 0.001 -17"><span class='ocrx_word' id='word_1_171' title='bbox 104 2869 205 2935; x_wconf 88' lang='lat' dir='ltr'>quibus</span> <span class='ocrx_word' id='word_1_172' title='bbox 236 2870 367 2927; x_wconf 86' lang='lat' dir='ltr'>omnibus</span> <span class='ocrx_word' id='word_1_173' title='bbox 407 2871 513 2938; x_wconf 87' lang='lat' dir='ltr'>gratias</span> <span class='ocrx_word' id='word_1_174' title='bbox 545 2887 597 2939; x_wconf 84' lang='lat' dir='ltr'>ago</span> <span class='ocrx_word' id='word_1_175' title='bbox 629 2864 887 2938; x_wconf 68' lang='lat' dir='ltr'>quammaximus.</span> <span class='ocrx_word' id='word_1_176' title='bbox 935 2870 1078 2939; x_wconf 86' lang='lat' dir='ltr'>Imprimis</span> <span class='ocrx_word' id='word_1_177' title='bbox 1108 2888 1175 2923; x_wconf 86' lang='lat' dir='ltr'>vero</span> 
     </span>
     <span class='ocr_line' id='line_1_23' title="bbox 103 2955 1175 3029; baseline 0.001 -19"><span class='ocrx_word' id='word_1_178' title='bbox 103 2955 295 3028; x_wconf 85' lang='lat' dir='ltr'>Prutzium,</span> <span class='ocrx_word' id='word_1_179' title='bbox 332 2960 536 3029; x_wconf 84' lang='lat' dir='ltr'>Rnehlium‚</span> <span class='ocrx_word' id='word_1_180' title='bbox 574 2960 805 3015; x_wconf 86' lang='lat' dir='ltr'>Schubertum</span> <span class='ocrx_word' id='word_1_181' title='bbox 843 2962 985 3015; x_wconf 87' lang='lat' dir='ltr'>adiutores</span> <span class='ocrx_word' id='word_1_182' title='bbox 1019 2960 1175 3013; x_wconf 84' lang='lat' dir='ltr'>studiorum</span> 
     </span>
     <span class='ocr_line' id='line_1_24' title="bbox 73 3049 1174 3125; baseline 0.006 -27"><span class='ocrx_word' id='word_1_183' title='bbox 73 3100 76 3107; x_wconf 74' lang='grc'><strong>,</strong></span> <span class='ocrx_word' id='word_1_184' title='bbox 103 3062 230 3101; x_wconf 88' lang='lat' dir='ltr'>meorum</span> <span class='ocrx_word' id='word_1_185' title='bbox 249 3049 446 3118; x_wconf 81' lang='lat' dir='ltr'>paratissimos</span> <span class='ocrx_word' id='word_1_186' title='bbox 475 3068 583 3121; x_wconf 86' lang='lat' dir='ltr'>semper</span> <span class='ocrx_word' id='word_1_187' title='bbox 610 3051 640 3103; x_wconf 90' lang='lat' dir='ltr'>in</span> <span class='ocrx_word' id='word_1_188' title='bbox 658 3056 740 3125; x_wconf 82' lang='lat' dir='ltr'>gra-to</span> <span class='ocrx_word' id='word_1_189' title='bbox 760 3054 852 3107; x_wconf 88' lang='lat' dir='ltr'>animo</span> <span class='ocrx_word' id='word_1_190' title='bbox 872 3054 1034 3108; x_wconf 88' lang='lat' dir='ltr'>habiturum</span> <span class='ocrx_word' id='word_1_191' title='bbox 1053 3068 1096 3105; x_wconf 88' lang='lat' dir='ltr'>me</span> <span class='ocrx_word' id='word_1_192' title='bbox 1115 3068 1174 3105; x_wconf 85' lang='lat' dir='ltr'>esse</span> 
     </span>
     <span class='ocr_line' id='line_1_25' title="bbox 104 3133 264 3203; baseline 0.025 -16"><span class='ocrx_word' id='word_1_193' title='bbox 104 3133 264 3203; x_wconf 76' lang='lat' dir='ltr'>profiteor.&#39;</span> 
     </span>
    </p>
   </div>
   <div class='ocr_carea' id='block_1_3' title="bbox 0 0 1326 4242">
    <p class='ocr_par' dir='ltr' id='par_1_4' title="bbox 0 0 1326 4242">
     <span class='ocr_line' id='line_1_26' title="bbox 0 0 1326 4242; baseline 0 1"><span class='ocrx_word' id='word_1_194' title='bbox 0 0 1326 4242; x_wconf 95' lang='lat' dir='ltr'> </span> 
     </span>
    </p>
   </div>
  </div>
 </body>
</html>
