2642 4242
15 385 61 457 ilio
79 387 416 478 dedicati,·anctcrem
433 389 536 471 inisse
556 389 686 462 scimus.
712 392 744 475 ¹.)
784 392 882 466 Unde
902 393 1065 489 colligitur

15 515 98 558 rerum
116 517 249 584 quoque
269 495 562 584 geographicarum
590 494 733 562 studium
758 519 777 564 a
802 496 885 586 Iuba
911 521 980 568 non
1005 525 1066 568 us-

15 595 130 684 glsctunt
147 621 232 665 esse.
279 595 369 684 Quid
386 595 485 686 igitur
503 595 645 684 mirum,
674 598 764 683 quod
791 596 846 663 hic
866 597 920 666 vir
939 601 1064 680 Roma-

15 719 54 762 nos
69 698 180 766 harum
199 725 312 769 rerum
332 699 497 792 etiamtum
515 697 594 782 satis
613 698 783 791 imperitos
803 698 846 767 de
866 723 945 769 crae
964 706 1067 774 mari-

15 795 87 864 imae
107 813 138 866 et
158 801 261 869 maris
274 799 447 892 Erythraei
467 814 558 892 parte
572 800 730 892 Euphrati
743 813 775 867 et
795 800 879 872 Indo
898 802 1068 886 interiecta

15 898 104 966 nelius
124 901 303 972 edocturus
332 902 574 977 celeberrimam
596 901 772 973 onesicriti
797 918 830 973 et
848 905 987 974 Nearchi
1006 934 1068 981 na-

15 1001 190 1090 vigationem
226 1005 261 1072 in
289 1005 383 1074 suurn
414 1028 511 1072 usum
543 1005 729 1094 convertit,
779 1026 957 1098 eorumque
983 1012 1067 1081 scri·

15 1101 58 1190 ptis
68 1102 110 1170 ita
130 1129 209 1173 usus
233 1119 297 1188 est„
312 1118 356 1188 nt,
377 1127 459 1195 quae
481 1105 570 1196 apud
589 1119 761 1196 utrumque
782 1125 964 1198 memoratu
989 1112 1066 1203 dig-

15 1205 113 1271 nasibi
140 1207 349 1292 viderentur,
370 1205 472 1272 mixta
487 1206 639 1300 fortasse,
650 1207 850 1294 doctioribus
878 1211 1067 1301 aequiorum

15 1303 354 1380 Alexandrinorum‘da
375 1307 429 1374 his
446 1307 531 1402 ,locis
548 1307 801 1398 narrationibus,
823 1310 952 1401 scriptia
971 1339 1067 1385 man.

15 1403 84 1472 iaret
103 1433 248 1502 eamque
262 1409 472 1500 scriptionem
498 1433 539 1488 ex
566 1434 658 1479 more
678 1410 774 1476 huius
810 1412 922 1482 aetatis
946 1414 1067 1487 Onesi-

15 1505 77 1582 criti¹
107 1510 283 1602 Paraplum
331 1511 530 1602 appellaret?
570 1549 609 1560 -
675 1511 805 1598 Quodsi
839 1513 891 1580 ita
917 1520 1065 1604 statuas,

15 1621 99 1697 neque
118 1612 271 1704 milliaria
289 1613 437 1696 Romana
454 1635 529 1678 cnm
547 1610 727 1680 Dcdivello
749 1612 942 1703 mirabimur
959 1643 1067 1712 neque

15 1707 75 1776 Ilnd
95 1737 169 1780 cum
188 1714 306 1796 eodem
322 1722 369 1804 (p.
389 1716 479 1796 242.)
506 1737 567 1797 nos
588 1712 750 1809 offendet,
779 1715 888 1804 qnod,
916 1743 1000 1807 quae
1021 1711 1077 1812 ex*

15 1812 88 1880 unius
127 1815 306 1909 Onegicriti
322 1816 540 1909 'navigatione
573 1813 696 1894 Plinius
728 1814 870 1910 prodere
902 1822 1066 1910 pollicitus

15 1930 78 2001 erat,
96 1941 176 1986 mox
196 1941 263 1985 non
280 1916 386 1984 minus
406 1917 448 1983 de
469 1915 653 1985 Onesicrito
673 1940 770 2008 qnam
794 1917 944 2010 Nearcho
970 1947 1068 2014 pras.

15 2015 81 2083 stitit.
123 2010 259 2108 Optime
278 2043 360 2086 vero
378 2019 454 2086 hinc
476 2019 670 2110 explicatur,
689 2017 845 2108 q'nitanta
864 2019 1068 2095 intercedere

15 2132 90 2203 queat
110 2118 326 2211 discrepantia
346 2121 431 2187 iuter
455 2119 553 2187 Plinii
580 2122 691 2188 locum
716 2133 813 2208 atque
839 2121 974 2190 Arriani
1002 2129 1065 2195 Hi.
1157 2176 1162 2188 .

15 2220 127 2287 storiam
147 2221 306 2289 indicam.
350 2219 440 2308 Quid
460 2219 588 2285 multa?
608 2209 726 2286 Nostra
743 2235 874 2311 accepta
887 2225 982 2294 huius
998 2231 1066 2310 loci

15 2322 222 2391 emendatione
243 2338 274 2388 et
292 2319 554 2414 interpretatione
579 2318 663 2388 nihil
688 2345 823 2414 prorsus
842 2323 876 2392 in
905 2352 948 2396 eo
979 2331 1066 2423 diffi.
1106 2380 1108 2387 ,

15 2425 121 2490 cultatis
141 2424 307 2493 residebit.

98 2525 252 2594 At'enim
272 2528 301 2594 si
320 2527 395 2618 ¹quis
414 2529 498 2596 male
518 2541 628 2596 cantus
650 2525 824 2594 etiamnum
846 2528 1065 2623 haesitaverit,

15 2623 85 2690 alind
97 2644 320 2717 argumentum
341 2630 541 2723 inpromptu
555 2644 613 2712 est,
635 2629 725 2719 quod
741 2631 796 2698 vel
807 2632 1067 2722 pertinacissimo

16 2727 190 2797 adversario
219 2731 261 2798 de
293 2746 404 2799 nostra
431 2731 587 2798 sententia
621 2731 823 2819 persuadeat.
848 2747 890 2783 ὲ
918 2736 1068 2826 ιἘιρῃῑηι

15 2825 121 2898 Plinius
144 2831 215 2900 aliis
236 2857 368 2924 qnoque
388 2834 469 2902 locis
490 2831 578 2898 haud
599 2850 676 2898 raro
696 2829 912 2902 Onesicritnm
936 2837 969 2903 in
989 2865 1068 2931 para.

15 2941 50 2996 tes
68 2927 205 3003 vocavit.
249 2936 297 3001 Ita
317 2936 357 3001 N.
370 2935 422 3002 Ἠ.
444 2937 487 3004 ΙΙ.
509 2959 537 3003 c.
556 2937 619 3002 75.Ἰ
639 2950 682 2999 ex
703 2932 888 3003 Onesicrito
914 2939 1065 3030 refertur,

15 3029 145 3102 inludia
167 3059 264 3126 supra
277 3035 398 3102 flumen
420 3037 570 3129 Hypasin
593 3034 721 3103 solstitii
736 3036 790 3101 die
811 3037 922 3111 medio
943 3047 1065 3114 nnllam

15 3137 130 3205 omuino
156 3138 305 3203 umbram
332 3136 412 3218 iaci3
437 3139 469 3222 2)
508 3137 574 3206 alio
595 3138 671 3213 loco
702 3137 799 3223 (Vll.
821 3161 849 3204 c.
868 3144 916 3224 2.)
931 3144 1065 3216 Plinius

15 3232 184 3306 Onesicrito
213 3239 294 3304 teste
319 3238 477 3323 ‘nadidit,
515 3237 657 3328 „quibus
690 3238 771 3307 locis
797 3239 911 3307 Indiae
931 3248 1066 3330 umbrae

15 3357 66 3404 non
84 3339 163 3422 sint,
186 3363 325 3431 corpora
344 3341 513 3408 hominum
540 3339 723 3408 cubitorum
749 3340 881 3430 quinum
910 3357 942 3410 et
970 3346 1067 3418 bino·

15 3461 73 3508 rum
93 3444 275 3534 palmorum
292 3440 450 3524 existere,
473 3457 504 3509 et
524 3441 636 3510 vivere
664 3465 766 3509 annos
794 3457 922 3510 centnm
950 3447 1068 3534 trigin-

15 3553 52 3625 ta,
70 3569 128 3611 uec
148 3561 332 3626 senescere,
354 3532 414 3610 'sed
433 3557 469 3609 ut
489 3543 599 3610 medio
617 3567 700 3610 aevo
719 3543 853 3625 mori;“
874 3547 1066 3631 alibi-(XII.

16 3662 37 3706 c.
55 3643 117 3728 18.)
137 3631 180 3711 de
200 3645 370 3716 arboribus
392 3643 655 3712 memorabilibus
677 3644 711 3710 in
730 3645 915 3736 Hyrcaniae
928 3644 1066 3719 conval-

15 3742 82 3812 libus
103 3747 199 3832 crtis,
218 3745 296 3832 alibi
315 3739 408 3833 (XV.
429 3743 457 3814 css
478 3743 547 3829 19.)
575 3745 616 3811 de
644 3741 830 3838 Hyrcaniae
850 3746 919 3814 ficis
945 3751 1066 3822 Italicis

16 3844 206 3935 dulcioribus,
225 3850 303 3918 alibi
318 3851 395 3934 (Vl.
415 3875 443 3920 c.
463 3852 533 3929 24.)
555 3849 597 3916 de
617 3853 860 3942 elephantorum
878 3852 913 3919 in
934 3852 1069 3944 Tapro-

16 3946 81 4017 bane
101 3953 205 4018 insula
232 3952 415 4020 viventium
442 3967 555 4020 natura
576 3952 618 4020 ad
640 3952 817 4021 Onesicriti
843 3955 1065 4024 testimoninm

17 4053 291 4076 w

95 4111 124 4174 l)
142 4105 177 4162 cl.
192 4057 310 4160 retinui
326 4108 362 4165 Η.
375 4105 410 4166 V.
426 4121 449 4162 c
465 4106 491 4164 l.
505 4113 533 4161 et
548 4102 596 4164 VI.
616 4121 640 4164 c.
652 4107 697 4208 iil.
712 4133 747 4150 ..
773 4105 817 4208 ·2)¹
829 4104 921 4208 Aliter
936 4122 981 4208 ies
994 4121 1064 4163 nar-
