2642 4242
577 115 752 170 „10-

99 293 165 356 bus
189 310 279 373 quae
295 292 437 356 Pindari
461 293 673 357 carminibus
697 302 864 357 annotata
887 301 969 356 sunt
992 293 1137 357 scholiis
1156 310 1229 357 cer-

82 417 171 472 'tam
201 409 380 473 constituit
403 411 534 490 legem:
563 409 811 490 „Olympiades
834 410 913 489 pari
936 426 1083 472 numero
1107 427 1229 472 nume-

98 534 195 588 ratas
225 525 378 604 incipere
407 543 488 588 cum
517 526 706 606 plenilunio
736 526 868 589 mensis
898 524 1129 605 Septembris,
1167 525 1228 587 im-

99 641 176 720 pari
200 658 279 704 cum
302 642 490 720 plenilunio
513 641 698 722 Augusti.“
736 641 839 705 binae
864 619 971 722 igitur
995 641 1228 720 Olympiades

100 765 301 820 contractae
334 765 415 821 sunt
450 758 485 820 in
519 775 625 820 unam
660 757 843 838 periodum
871 757 1064 838 nonaginta
1094 775 1229 820 novem

98 890 239 935 menses
251 875 392 936 lunares
406 874 651 952 continentem,
671 891 777 954 quam
796 873 1013 937 octaeterida
1025 873 1227 952 appellasse

99 987 256 1052 Graecos
279 996 465 1068 pernotum
489 998 551 1052 est.
578 991 701 1069 cyclus
722 990 780 1052 ille
797 989 1064 1068 astronomicus,
1090 1005 1161 1069 quo
1178 989 1226 1052 111-

98 1106 262 1168 tebantur
278 1102 527 1184 Olympiadum
550 1114 720 1185 tempora,
745 1123 826 1168 cum
849 1123 920 1168 non
943 1105 1105 1168 restricte
1130 1078 1227 1168 esset

99 1221 385 1284 accommodatus
402 1220 448 1282 ad
463 1221 552 1283 coeli
567 1230 693 1300 motus
717 1240 788 1284 non
804 1222 880 1284 sine
903 1221 989 1283 vitio
1002 1221 1081 1302 suit;
1106 1238 1225 1301 quam-

99 1337 221 1399 obrem
256 1337 354 1399 illam
390 1337 433 1399 de
469 1338 694 1418 exquirendis
718 1337 985 1417 olympiadibus
1019 1339 1138 1417 legem
1166 1338 1224 1400 ab·

99 1454 213 1515 solute
242 1471 313 1515 non
341 1454 462 1516 valere
491 1454 566 1534 ipse
597 1454 684 1516 dixit
712 1453 899 1534 Nissenus;
940 1453 1004 1516 sed
1032 1463 1153 1516 tamen
1180 1453 1224 1516 iis

99 1586 188 1649 quae
212 1569 247 1631 in
271 1569 330 1631 illa
354 1569 600 1634 dissertatione
624 1571 732 1632 allata
755 1579 837 1632 sunt
860 1569 1032 1649 exemplis
1057 1569 1147 1632 adeo
1169 1569 1223 1632 fir-

99 1693 230 1747 matam
253 1703 332 1748 eam
355 1686 526 1764 existimo,
551 1694 590 1748 ut
605 1685 641 1748 in
656 1684 912 1765 investigandis
928 1684 1124 1747 Alexandri
1140 1693 1223 1748 tem-

98 1801 242 1883 poribus
266 1801 341 1864 sine
366 1803 437 1864 ulla
461 1802 677 1865 dubitatione
700 1801 749 1864 uti
775 1819 817 1863 ea
840 1801 1026 1881 possimus,

205 1915 309 1980 Anno
326 1919 401 1996 356,
420 1935 489 1998 quo
504 1927 627 1981 natum
643 1935 723 1980 esse
735 1917 979 1981 Alexandrum
996 1917 1088 1980 inter
1100 1933 1222 1979 omnes

100 2041 246 2112 constat,
284 2033 466 2114 Olympias
490 2034 655 2096 inchoata
680 2044 734 2097 est
759 2033 950 2096 centesima
975 2042 1087 2111 sexta,
1125 2033 1222 2095 cuius

98 2149 205 2229 igitur
227 2149 372 2228 initium,
398 2168 477 2213 cum
495 2151 572 2230 pari
587 2159 772 2213 numerata
789 2151 833 2212 sit
850 2167 1007 2228 numero
1032 2149 1222 2228 plenilunio

99 2265 230 2328 mensis
243 2265 458 2344 Septembris
475 2285 554 2328 esse
570 2266 794 2329 tribuendum
809 2284 854 2328 ex
870 2266 931 2328 illa
944 2283 1049 2346 quam
1061 2265 1221 2345 proxime

101 2383 373 2444 commemoravi
402 2383 482 2462 lege
512 2391 667 2462 apparet.
709 2384 792 2445 luna
819 2390 902 2444 tunc
925 2383 1030 2460 plena
1052 2380 1118 2443 fuit
1141 2378 1222 2461 Sep

99 2498 221 2560 tembr.
248 2497 289 2560 26
320 2503 447 2560 octava
475 2499 562 2561 hora
591 2498 793 2577 vespertina
802 2501 835 2578 1),
871 2497 988 2576 itaque
1018 2514 1099 2560 cum
1122 2497 1222 2560 brevi

99 2622 179 2691 post
210 2613 311 2676 ludos
342 2613 545 2693 Olympicos
576 2614 847 2677 collocavissent
876 2613 972 2693 regis
1001 2622 1118 2675 ortum
1146 2612 1222 2674 Plu-

99 2728 243 2792 tarchus
267 2739 301 2792 et
325 2728 488 2808 Iustinus
523 2730 559 2792 in
583 2732 697 2792 lucem
721 2729 852 2791 editum
876 2747 955 2792 esse
978 2727 1222 2791 Alexandrum

100 2863 220 2908 mense
234 2844 377 2909 Octobri
400 2847 599 2908 necessarie
617 2845 895 2908 demonstratum
918 2854 980 2907 est.
1002 2885 1039 2892 -
1059 2844 1220 2908 Certiori-

99 2961 165 3024 bus
182 2961 332 3024 describi
355 2970 471 3042 potest
494 2961 621 3025 finibus
645 2962 720 3024 dies
744 2961 839 3041 regis
861 2941 997 3023 natalis
1045 2960 1220 3040 Hegesias

100 3077 192 3139 enim
215 3075 372 3158 Magnes
398 3079 564 3140 extremis
587 3078 779 3141 Ptolemaei
801 3077 892 3157 Lagi
915 3085 950 3139 et
972 3076 1094 3156 primis
1110 3076 1219 3138 Phila-

100 3193 217 3272 delphi
240 3194 455 3272 temporibus
479 3195 645 3274 aequalis,
671 3211 828 3256 mensem
851 3210 920 3273 quo
938 3195 1054 3255 lucem
1081 3193 1218 3272 aspexit

99 3307 303 3371 Alexander
325 3309 379 3371 his
404 3311 566 3389 ascripsit
589 3310 708 3372 verbis
733 3309 831 3391 (Plut.
856 3328 890 3371 v.
915 3309 970 3371 Al.
994 3309 1041 3390 3):
1066 3310 1217 3389 ἐγεννήθη

99 3425 128 3490 b’
152 3426 211 3490 οὖν
235 3424 442 3505 Ἀλέξανδρος
465 3429 637 3506 ἱσταμένου
662 3429 763 3506 μηνὸς
786 3426 1071 3507 Ἑκατομβαιῶνος,
1095 3425 1135 3489 ὃν
1152 3427 1216 3490 Μα-

99 3543 228 3620 κεδόνες
242 3543 334 3606 Λῶον
357 3547 519 3620 καλοῦσιν,
544 3544 624 3626 ἕκτῃ,
649 3542 718 3607 καθ’
742 3545 782 3621 ἣν
804 3543 925 3621 ἡμέραν
953 3542 972 3605 ὁ
995 3546 1053 3620 τῆς
1065 3539 1217 3620 Ἐφεσίας

99 3657 279 3736 Ἀρτέμιδος
315 3659 496 3738 ἐνεπρήσθη
532 3660 622 3737 νεώς.
661 3661 688 3744 ᾧ
717 3659 870 3737 Ἡγησίας
900 3658 919 3722 ὁ
948 3657 1083 3735 Μάγνης
1113 3657 1217 3722 ἐπιπε-

99 3827 311 3836 m

207 3930 233 3998 1)
253 3933 331 3996 Quod
356 3934 452 3997 insigni
478 3933 664 3984 benevolentia
688 3934 847 3999 computavit
871 3932 1032 3982 Schoenfeld
1057 3939 1216 3982 astronomus

100 4029 327 4094 praeclarissimus,
