2642 4242
611 283 742 344 ..37
790 317 834 328 ...

178 449 308 518 fervida
331 475 430 519 arena
452 454 592 538 repletos
617 479 635 521 e
656 460 753 523 muris
770 459 803 523 in
820 468 1001 546 pugnantes
1019 463 1251 550 coniecissem

178 557 315 625 Curtius
354 567 386 624 et
417 562 582 628 Diodorus
621 564 682 629 hoo
720 565 791 630 loco
830 568 966 634 eundem
999 569 1122 635 fontem
1156 593 1252 654 quem

179 667 349 732 nominare
384 689 449 733 non
480 691 650 752 possumus
686 675 786 739 secuti
815 682 898 746 sunt.
944 676 1060 760 Neque
1084 679 1177 742 aliter
1200 699 1251 743 res

179 796 218 838 se
241 775 342 840 habet
365 797 436 840 cum
460 777 531 860 illis,
566 801 649 862 quae
673 780 764 853 Ourt.
789 786 820 862 4,
836 775 839 786 ¹
858 787 874 846 1
901 791 998 866 atque
1021 784 1120 856 Diod,
1143 788 1197 867 45,
1232 792 1250 850 7

178 882 344 963 referunt3
367 883 421 948 ille
445 892 553 950 autem
577 887 736 953 rhetorice
759 891 903 955 narravit
928 890 1030 976 deque
1047 914 1104 958 suo
1118 893 1251 958 arbitrio

179 990 305 1072 aliquid
337 991 473 1064 addidit.
525 992 582 1058 Ad
614 996 750 1061 eundem
784 998 906 1063 sontem
940 1007 1088 1084 spectant
1120 1000 1251 1066 Curtius

176 1098 245 1168 IV.
267 1103 298 1181 4,
323 1104 343 1167 3
368 1107 400 1165 et
422 1100 589 1167 Diodorus
609 1108 663 1186 41,
691 1111 787 1178 5-6,
827 1106 923 1172 Raun
937 1107 975 1194 m)
1001 1107 1250 1193 θ1Ιιααάἰεα77)

177 1207 242 1270 has
283 1209 484 1273 narrationes
510 1209 549 1273 de
589 1211 685 1276 belua
728 1215 810 1278 inter
853 1238 886 1279 se
920 1237 1096 1300 congruere
1127 1221 1252 1298 putant,

176 1311 357 1400 Kaerstw)
391 1324 499 1382 censet
527 1318 613 1400 apud
638 1327 810 1403 utrumque
834 1328 1000 1388 auctorem
1025 1323 1161 1388 eandem
1184 1344 1251 1386 rem

176 1428 348 1486 narratam
382 1445 468 1502 esse,
506 1425 562 1489 sed
595 1448 615 1489 a
639 1426 752 1492 Curtio
787 1429 881 1494 aliter
913 1432 1052 1513 positam
1084 1450 1162 1494 esse.
1217 1428 1252 1494 Si

175 1550 257 1592 vero
276 1536 444 1613 utramque
457 1534 675 1599 narrationem
687 1541 889 1620 perspexeris
902 1545 1074 1621 utrumqne
1086 1543 1250 1602 auctorem

177 1635 318 1700 eundem
334 1636 456 1703 fontem
472 1639 649 1706 derivatum
668 1651 812 1710 secutum
834 1667 902 1709 esse
919 1667 1042 1712 mecum
1058 1647 1247 1716 consenties,

177 1741 290 1825 Quam
313 1742 505 1829 senteutiam
528 1771 587 1831 pro
613 1757 701 1815 certo
726 1751 910 1816 habendam
935 1774 1003 1817 esse
1029 1752 1137 1816 multis
1154 1752 1250 1816 rebus

176 1853 384 1934 comprobari
408 1862 526 1937 potest,
553 1857 609 1920 sed
626 1879 665 1921 ea
681 1860 883 1941 potissimum
900 1881 943 1941 re,
974 1858 1062 1942 quod
1077 1859 1250 1941 Neptunus

175 1958 231 2023 vel
253 1959 416 2024 Poseidon
445 1972 723 2037 commemoratur.
770 1966 886 2048 Neque
916 1988 991 2032 vero
1023 1966 1084 2030 loci
1118 1964 1250 2048 quidam

174 2068 398 2152 discrepantes
431 2070 555 2148 desunt,
614 2072 701 2136 Nam
734 2073 820 2156 apud
845 2074 994 2140 Ourtiuru
1028 2074 1125 2139 belua
1155 2095 1249 2156 super

172 2180 266 2261 ipsos
297 2177 413 2242 fluctus
445 2178 542 2243 dorso
576 2182 718 2246 eminens
762 2181 805 2246 ad
838 2183 953 2247 molem
988 2185 1098 2265 ingens
1132 2201 1248 2264 corpus

174 2285 347 2368 applicuit;
373 2285 460 2368 apud
480 2286 664 2352 Diodorum
688 2289 784 2354 belua
808 2287 907 2354 flucta
931 2291 973 2354 ad
997 2291 1114 2355 molem
1139 2289 1251 2372 appel-

171 2395 263 2476 litur,
298 2417 380 2477 quae
413 2417 433 2459 a
466 2395 700 2462 Macedonibus
729 2402 793 2464 iam
819 2405 863 2477 εἰς
895 2398 1020 2487 rimport*
1045 2408 1106 2468 τοῦ
1130 2405 1251 2482 βέλους

172 2503 338 2587 producta
369 2511 453 2584 erat;
489 2505 546 2568 sed
577 2506 681 2572 altera
713 2511 855 2591 corporis
878 2517 983 2594 -parte
1017 2508 1175 2573 acclinata
1203 2504 1245 2568 ad

173 2632 243 2674 non
266 2613 426 2678 mediocre
450 2623 576 2698 tempus
609 2617 641 2679 in
673 2639 791 2700 aggere
822 2618 946 2702 haesit;
980 2616 1066 2700 apud
1101 2615 1251 2681 Curtium

173 2718 292 2786 fluctus
327 2721 510 2789 diverberat
543 2731 575 2788 et
608 2747 628 2788 a
659 2727 765 2808 capite
790 2727 883 2790 molis
907 2747 1017 2792 rursus
1043 2725 1109 2789 alto
1134 2745 1167 2787 se
1192 2724 1249 2786 im-

173 2829 294 2910 mergit
318 2851 366 2911 ac,
390 2832 487 2896 modo
512 2855 609 2915 super
632 2833 735 2897 undas
761 2835 901 2898 eminens
933 2855 1048 2914 inagna
1074 2833 1249 2914 oniperto,

180 3029 264 3036 ----..
271 3032 304 3036 -.
310 3033 358 3037 ...0
363 3033 395 3038 -..-

249 3117 281 3187 73)
301 3119 476 3187 Quamquam
494 3121 563 3172 haec
582 3120 732 3188 Tyriorum
751 3122 920 3176 machinatio
940 3121 1022 3175 valde
1041 3120 1170 3174 fabulosa
1190 3135 1250 3170 esse

172 3209 299 3277 videtur,
319 3214 414 3262 tamen
433 3210 508 3262 facta
527 3228 586 3263 esse
606 3216 706 3278 potest,
733 3230 795 3264 oum
815 3229 899 3264 arena
918 3229 1004 3279 usque
1029 3212 1063 3265 ad
1084 3211 1250 3263 candescen·

174 3300 246 3353 dum
266 3301 369 3353 torreri
388 3300 484 3367 possit,
522 3298 585 3366 Qua
605 3319 671 3353 vero
694 3302 901 3355 machinatione
924 3319 1027 3370 paucos
1055 3301 1137 3354 modo
1157 3299 1250 3352 Mace-

174 3390 267 3443 dones
286 3391 449 3443 vulneribns
469 3388 582 3441 affectos
601 3390 670 3442 mihi
691 3391 842 3444 verisimile
862 3409 921 3444 esse
941 3391 1060 3457 videtur,
1081 3407 1144 3442 cum
1164 3386 1248 3442 arene

171 3480 283 3547 clypeis
295 3479 415 3531 demissa
428 3479 606 3547 dispergatur
620 3497 731 3531 necesse
745 3480 789 3532 sit
812 3480 902 3546 Quam
915 3479 1082 3532 sententiam
1095 3477 1248 3543 Diodorus,

171 3587 287 3636 quoque
314 3569 414 3620 habuit
442 3569 536 3620 dicens
564 3568 672 3636 (44,‘2):
698 3569 798 3633 ταύτην
825 3566 851 3617 di
880 3565 923 3617 dmi
951 3587 1022 3621 τινος
1048 3565 1167 3634 μηχανῆς
1193 3567 1249 3622 τοῖς

172 3657 337 3725 θρασύτατα
356 3660 516 3724 μαχομένας
535 3657 721 3726 ἐπερρίπτουν.

249 3746 282 3816 77)
301 3748 411 3803 Rauu:
431 3749 448 3802 l.
469 3767 492 3801 c.
514 3767 540 3815 p.
564 3751 603 3801 lo.

249 3836 282 3905 77)
301 3838 476 3894 Laudicn:
496 3840 514 3890 l.
534 3858 558 3892 c.
577 3859 603 3906 p.
626 3839 669 3890 11.

251 3924 283 4002 77)
304 3915 452 3982 Kaerst:
472 3929 489 3980 l.
510 3946 532 3986 c,
552 3946 578 3998 p.
600 3929 641 3987 16,
