2642 4242
617 254 620 261 ι
702 251 722 263 a
946 245 951 271 t

118 387 121 394 .
219 321 339 390 Procul
360 320 462 390 dubio
485 321 571 390 euim
591 323 684 390 locus
698 321 747 390 'ita
769 333 818 386 est
839 317 1076 388 emendandus:
1098 315 1297 404 „Onesicn'
1309 406 1310 409 Ἴ

187 443 190 450 ·
216 423 243 490 ti
265 440 297 491 et
316 425 457 492 Nearchi
474 424 638 515 navigatio
661 444 723 491 uec
743 419 915 488 nomina
938 421 1078 490 omnis
1095 422 1191 488 habet
1205 436 1311 511 mane

216 525 346 594 sinuum
366 549 428 592 nec
449 527 551 616 spatia
572 526 691 615 sqq.;“
718 547 783 615 qua
813 521 1040 592 emendatione
1067 523 1205 626 probata
1226 524 1311 619 Phl

215 614 349 708 nissime
377 623 497 690 omnia·
519 622 714 716 procedunt.
776 620 845 687 Iam
872 618 960 686 enim
986 618 1083 687 Plinii
1107 623 1182 689 loco
1213 622 1311 703 nihil

217 724 305 790 aliud
323 724 488 807 docemur,
511 749 608 814 quam
629 722 718 815 quod
738 722 835 789 etiam
848 725 937 795 ultro,
948 737 1017 789 erat
1030 732 1311 813 consentaneum}

215 821 1311 917 OnesicritietNearchinavigationisdescriptione]

215 949 349 1017 neque
370 925 628 995 mansionum
647 924 813 1018 nomina
833 948 972 1014 neque
990 924 1126 1016 spatia
1154 924 1311 1018 omniq}

214 1043 297 1096 tam
326 1042 519 1094 accurate
545 1027 681 1118 fuisse
716 1026 980 1115 consignata,
1017 1051 1135 1117 quam
1159 1026 1301 1094 Plini¹

216 1144 351 1196 aetate
372 1127 542 1218 cognita
564 1141 723 1200 essent.
763 1127 862 1196 Haud
885 1152 989 1218 pauca
1009 1142 1115 1197 tamen
1133 1129 1236 1196 ‘etiam
1253 1131 1301 1196 ab

213 1231 255 1298 iis
277 1227 409 1298 nomina
431 1243 463 1295 et
483 1229 585 1320 spatia
605 1226 737 1320 prodita
759 1253 846 1313 esse,
875 1254 918 1298 ex
944 1227 1047 1322 ipsius
1074 1229 1172 1298 Plinii
1199 1229 1302 1320 quod

213 1331 359 1424 sequitur
377 1329 544 1426 breviario¹
560 1330 683 1422 optime
702 1331 901 1421 intelligitur.

313 1430 444 1498 Deinde
461 1434 671 1499 vehementer
685 1432 751 1500 viri
772 1433 876 1518 docti,
910 1432 995 1509 inter
1022 1458 1105 1525 quos
1126 1434 1296 1504 Dodwel:

192 1568 195 1572 ·
215 1537 284 1619 lus,
305 1533 413 1600 mirati
430 1549 532 1619 sunt,
546 1535 636 1625 quod
658 1533 718 1601 vix
738 1549 770 1602 et
789 1538 838 1604 ne'
858 1535 918 1604 vix
946 1536 1079 1628 quidem
1107 1537 1294 1606 similitudo

212 1635 396 1705 intercedas
422 1635 506 1704 inter
539 1639 603 1706 hoc
638 1636 736 1716 Plinii
771 1637 968 1708 breviarium
995 1652 1027 1706 et
1057 1639 1197 1708 Nearchi
1226 1665 1293 1730 pa-

211 1741 340 1831 raplnm
363 1737 450 1830 apud
471 1737 647 1806 Arrianum
668 1761 817 1828 magnam
838 1756 963 1830 partem
984 1742 1191 1833 exscriptum.
1213 1741 1311 1827 Pri-l

211 1866 302 1910 mum
322 1863 402 1907 vero
424 1839 611 1907 doctissime
632 1839 824 1908 Vincentius
843 1842 940 1909 Plinii
958 1842 1155 1909 breviarium
1181 1843 1311 1913 nenti-l

212 1969 309 2036 quam
324 1959 398 2008 cum
417 1940 557 2009 Nearchi
576 1942 712 2030 paraplo
733 1940 829 2008 evicit
841 1966 912 2010 esse
925 1944 1129 2012 insociabiles
1153 1944 1286 2028 deinde,
1308 1934 1311 2027 l

211 2061 247 2114 ut
265 2044 386 2114 Plinius
404 2057 436 2109 et
456 2041 614 2109 Arrianus
636 2040 777 2106 maxime
800 2042 885 2108 inter
909 2069 945 2110 se
974 2043 1173 2136 discrepent,
1203 2047 1287 2136 quid
1309 2048 1311 2129 l

107 2133 112 2142 ¹
212 2170 333 2240 quaeso
354 2146 418 2212 hoc
439 2141 558 2208 mirum
576 2138 683 2208 videri
708 2144 830 2233 potest,
861 2169 961 2234 quum
989 2146 1077 2235 apud
1103 2147 1284 2216 Arrianum
1309 2144 1311 2221 l

108 2291 113 2304 ·
211 2248 306 2317 unius
325 2243 465 2313 Nearchi
487 2241 629 2310 narratio
644 2243 850 2325 exhibeatur,
872 2245 959 2334 apud
979 2244 1119 2313 Plinium
1139 2249 1286 2317 mansio-
1309 2272 1311 2315 l

212 2375 291 2418 num
311 2344 443 2415 nomina
464 2367 501 2410 ac
518 2339 625 2433 'spatia
644 2357 714 2410 tum
733 2367 776 2410 ex
795 2344 935 2413 Nearchi
955 2336 1032 2413 tum
1053 2373 1095 2414 ex
1116 2349 1285 2418 Onesicri-
1309 2340 1311 2427 l

207 2443 481 2538 ti'navigationis
522 2443 739 2536 descriptione
777 2445 889 2512 hausta
922 2447 1013 2515 sinti·
1062 2450 1217 2534 Accedit,
1242 2453 1281 2518 id
1309 2430 1311 2549 l

210 2547 544 2646 quod'gravissimum
564 2561 621 2628 est,
643 2544 781 2613 Plinium
803 2548 961 2617 hocloco
981 2543 1048 2618 non
1067 2551 1171 2642 ipsius
1188 2552 1281 2620 One-2
1309 2556 1311 2713 p

209 2652 310 2724 sicriti
331 2649 563 2730 narrationem,
585 2671 682 2736 qnam
704 2645 746 2712 de
766 2647 971 2739 navigatione
998 2652 1059 2719 ista
1085 2679 1159 2720 eum
1187 2678 1279 2722 com·

208 2751 373 2826 menteriis
397 2747 463 2816 suis
482 2748 657 2814 intexuisse
687 2771 784 2840 supra
812 2750 984 2836 evicimus,
1011 2754 1071 2820 sed
1098 2779 1170 2821 eam
1196 2757 1278 2823 scri.

116 2912 120 2918 ,
206 2859 352 2954 ptionem
372 2865 444 2918 ante
463 2852 575 2934 oculos
597 2850 758 2935 habuisse,
781 2849 877 2942 quani
897 2854 977 2920 Iuba
999 2855 1196 2932 Mauritanus
1216 2859 1277 2925 sub

161 3010 165 3029 ,
210 2952 386 3026 Onesicriti
412 2949 543 3018 nomine
556 2959 559 2980 ¹
572 2950 722 3041 proxime
749 2951 906 3020 ediderat.
948 2955 1060 3022 Verba
1081 2956 1167 3023 enim
1179 2957 1276 3026 Plinii
1309 2956 1311 3029 l

207 3061 288 3128 haec
310 3068 401 3123 sunt:
424 3051 521 3136 „Sed
542 3052 730 3144 priusquam
748 3056 829 3121 haec
850 3057 1027 3144 generatim
1046 3083 1275 3149 persequamur
1309 3046 1311 3125 l

207 3160 253 3244 (i.
268 3185 297 3226 e.
318 3181 401 3248 quae
428 3154 469 3220 de
498 3169 647 3242 quattuor
673 3156 821 3246 satrapiis
847 3154 1006 3226 disserere
1033 3159 1204 3228 inchoavit.
1232 3162 1274 3231 cf.
1309 3166 1310 3177 ’

208 3286 237 3328 c.
256 3261 368 3330 XXV.
388 3255 488 3338 inin),
510 3255 655 3324 indicare
677 3258 844 3340 convenit,
872 3283 955 3348 quae
975 3261 1086 3350 prodit
1112 3262 1276 3331 Onesicri-

207 3378 276 3440 tus,
304 3353 404 3427 clas'se
424 3357 606 3425 Alexandri
627 3357 859 3426 circumvectus
886 3359 920 3426 in
943 3361 1178 3430 mediterranea
1196 3366 1274 3433 Perss
1309 3362 1311 3439 l

207 3463 288 3535 sidis
310 3486 352 3528 ex
371 3458 480 3543 India,
510 3457 1064 3548 narrataproximealubat
1099 3460 1175 3531 dein
1204 3491 1273 3552 eam
1309 3458 1311 3533 l

207 3561 446 3654 navigationem
473 3562 570 3653 sqq.“
600 3598 639 3658 .-
682 3561 860 3631 Videamus
887 3561 1004 3652 igitur,
1033 3565 1113 3656 quid
1141 3566 1272 3637 dehoc
1309 3550 1311 3639 l

209 3665 310 3733 Iubae
336 3661 421 3728 libro
460 3659 666 3728 statuendum
699 3660 752 3728 sit.
773 3699 817 3712 -
858 3663 973 3730 Iubam
1014 3664 1273 3738 Mauritanuma
1309 3654 1310 3739 l

210 3767 348 3836 Caesare
367 3763 506 3830 Romam
519 3760 554 3828 in
574 3760 775 3854 triumphum
794 3763 924 3832 ductum
946 3780 979 3833 et
997 3767 1155 3837 Romanis
1177 3769 1271 3838 disci·

206 3867 303 3969 plinis
339 3864 517 3932 institutum
553 3864 834 3958 '„stu‹liorumque
868 3867 1008 3935 claritate
1045 3870 1272 3941 mirabiliorem
1301 3860 1311 3943 l

208 3969 305 4039 etiam
335 3991 434 4058 quam
470 3964 604 4054 regno“
643 3965 765 4036 factum
800 3993 875 4036 cum
905 3969 1054 4042 ¹aliorum
1086 3974 1272 4068 scriptorum
1309 3956 1311 4085 l

207 4089 277 4142 tum
303 4068 380 4140 libri
404 4066 451 4134 de
478 4065 688 4160 expeditione
714 4070 877 4157 Arabica,
913 4071 951 4142 C.
976 4072 1109 4144 Caesari
1140 4075 1273 4169 Augusti
1309 4090 1311 4174 ᾗ

1309 2716 1311 2735 l
