2642 4242
567 81 812 179 --ω-ι

78 301 172 365 anni
188 300 253 364 325
276 300 463 381 perperam
492 301 700 382 ascripsisse
716 303 808 365 illius
824 303 1061 385 navigationis
1077 304 1214 368 initium

79 416 280 481 Arrianum
314 418 466 499 putavit;
507 437 549 481 eo
589 419 682 482 enim
717 419 782 498 die,
822 420 913 482 sieut
950 420 1026 499 ipse
1065 420 1213 484 dixisset

79 533 273 612 Arrianus,
303 534 460 613 ineptum
489 551 568 597 esse
598 544 743 615 propter
771 536 900 599 etesias
929 553 1026 599 mare
1051 537 1096 599 ad
1118 536 1213 600 navi-

80 649 254 729 gandum.
300 650 430 713 nostris
465 658 583 713 autem
611 651 828 730 temporibus
856 651 1007 715 Metonis
1043 669 1213 716 canonem

80 766 197 845 illum,
222 783 291 847 quo
315 784 401 829 usus
425 774 479 829 est
502 766 658 829 idelerus
683 766 727 828 ad
750 766 986 853 redigendum
1005 769 1213 832 vicesimum

82 881 182 945 diem
220 882 496 961 BoedromioniS‚
535 884 571 946 in
610 882 862 946 conformando
901 902 994 946 anno
1034 885 1129 947 civili
1167 886 1212 947 ab

81 997 366 1061 Atheniensibus
390 998 583 1062 adhibitum
607 1017 687 1063 esse
710 1007 870 1079 negatur.

196 1113 251 1177 De
282 1114 401 1177 etesiis
430 1115 538 1177 maris
567 1114 756 1201 Erythraei
785 1115 874 1178 haec
905 1115 1212 1180 commemoranda
1283 1163 1312 1208 3

81 1239 184 1310 puto,
232 1231 368 1310 spirant
396 1230 443 1294 ibi
473 1230 603 1293 etesiae
628 1240 763 1294 aestate
787 1232 831 1294 ab
857 1230 999 1294 Oceano
1023 1249 1068 1293 ex
1092 1241 1213 1295 austro

82 1354 333 1428 exsurgentes
369 1364 457 1426 quos
491 1364 557 1409 nos
601 1346 653 1428 „S.
683 1346 944 1410 W.-Monsune“
982 1349 1210 1428 appellamus.

82 1463 150 1543 qui
178 1472 366 1526 auctumno
396 1462 481 1525 flare
513 1463 676 1525 desinunt
706 1472 742 1525 et
769 1470 949 1526 mutantur
978 1464 1014 1525 in
1041 1472 1168 1527 ventos
1192 1483 1214 1527 a

82 1579 328 1659 septentrione
358 1579 511 1642 orientes
553 1585 645 1662 (nost
674 1579 733 1659 ,‚N.
758 1577 1029 1661 O.-Monsune“).
1067 1580 1110 1642 de
1144 1581 1212 1643 hac

82 1703 276 1758 ventorum
300 1696 493 1758 mutatione
517 1694 566 1757 ita
588 1695 740 1775 legimus
764 1695 858 1775 apud
882 1694 997 1774 Hann,
1022 1695 1160 1759 Handb.
1179 1696 1210 1760 d.

82 1810 339 1891 Klimatologie
375 1811 449 1874 280.
486 1810 567 1874 282:
603 1810 678 1873 Der
712 1796 906 1892 Ubergang
942 1810 1004 1874 der
1039 1812 1212 1875 Monsune

82 1927 165 1990 iant
199 1928 446 2008 grosstenteils
481 1928 516 1990 in
552 1927 607 1989 die
637 1926 780 1990 Monate
809 1927 913 2007 April
941 1928 1014 1991 und
1044 1928 1212 2002 Oktober.

82 2043 156 2105 Die
172 2042 333 2107 Seeleute
357 2061 496 2107 nennen
520 2043 587 2105 den
611 2028 805 2127 Ubergang
828 2062 900 2107 von
924 2046 1038 2107 einem
1061 2044 1212 2107 Monsun

83 2177 169 2222 zum
192 2158 325 2222 andern
350 2160 413 2223 das
436 2158 594 2223 Kentern
618 2159 681 2223 des
705 2160 885 2223 Monsuns.
933 2160 1212 2224 Veranderliche

83 2275 225 2372 winde,
249 2276 533 2357 bdigesWetter,
558 2276 795 2357 gelegentlich
819 2277 911 2339 auch
926 2294 1052 2357 grosse
1064 2277 1210 2340 Wirbel-

84 2396 221 2455 stiirme
234 2369 551 2455 charakterisieren
567 2392 730 2455 dasselbe
755 2442 761 2455 .
788 2442 795 2454 .
821 2442 827 2455 .
864 2391 939 2455 Der
950 2392 991 2455 N.
1006 2391 1211 2456 E.-M0nsun

83 2518 179 2572 setzt
202 2509 249 2571 im
272 2508 493 2573 Arabischen
516 2508 614 2571 Meer
637 2508 737 2571 Ende
761 2508 917 2572 Oktober
941 2508 997 2571 ein
1020 2508 1093 2571 und
1114 2509 1210 2571 weht

84 2625 257 2689 wahrend
280 2626 396 2688 seiner
418 2643 557 2706 ganzen
573 2624 695 2688 Dauer
710 2625 773 2688 mit
788 2642 933 2704 grosser
948 2624 1208 2705 Regelmassig-

84 2742 189 2805 keit“
227 2742 342 2805 classe
365 2739 548 2804 Nearchus
571 2741 752 2821 profectus
776 2750 831 2804 est
854 2758 935 2804 cum
957 2740 1113 2803 nondum
1136 2741 1210 2821 apti

85 2859 185 2923 venti
220 2859 394 2939 spirarent
441 2862 517 2941 (τῶν
555 2860 747 2939 πνευμάτων
781 2860 875 2938 μήπω
921 2858 1046 2923 οἰκείων
1081 2858 1208 2939 ὄντων).

86 2975 317 3057 quamobrem
363 2974 620 3054 expeditionem
666 2992 746 3036 esse
792 2981 953 3053 coeptam
988 2983 1069 3036 ante
1103 2974 1210 3037 finem
1311 3031 1312 3034 ,

86 3092 219 3155 mensis
249 3090 413 3154 Octobris
447 3090 490 3153 iis
526 3090 659 3169 diebus,
702 3090 828 3170 quibus
863 3096 1043 3152 mutantur
1077 3090 1208 3153 etesiae

86 3206 173 3271 mihi
196 3207 338 3287 quidem
361 3206 552 3269 verisimile
575 3206 725 3268 videtur,
1074 3282 1079 3292 ι

194 3322 428 3403 Vespertinus
452 3331 596 3385 exortus
611 3304 852 3403 Vergiliarum
868 3322 950 3384 anni
963 3322 1028 3385 325
1044 3322 1080 3384 in
1104 3322 1208 3384 unde-

88 3441 217 3504 cimum
239 3438 435 3502 Alexandri
457 3438 559 3519 regni
582 3455 712 3501 annum
740 3438 869 3501 incidit.
901 3455 1005 3518 quem
1028 3438 1074 3500 ad
1101 3438 1209 3501 maris
1308 3418 1311 3428 ’

88 3556 276 3637 Erythraei
287 3556 381 3635 lituS,
395 3556 454 3618 ubi
466 3563 549 3619 tunc
562 3563 637 3617 erat
644 3554 837 3633 Nearchus
851 3554 983 3618 iactum
999 3572 1078 3617 esse
1086 3553 1208 3617 Oct.t2

88 3672 306 3753 computavit
328 3672 585 3753 Foersterus1);
609 3672 668 3734 hie
690 3671 797 3752 igitur
820 3670 896 3733 dies
919 3670 1125 3734 tribuendus
1155 3678 1209 3733 est

188 3943 217 4013 1)
242 3946 321 4011 Quod
340 3944 464 4009 reperitur
485 3942 513 3991 in
532 3942 701 3993 annotatione
719 3942 788 4007 apud
807 3918 983 4009 Droysenum‚
1003 3942 1099 3994 Gesch.
1117 3939 1162 3994 Al.
1182 3944 1208 3995 d.

88 4045 132 4097 Gt.
151 4045 179 4093 11
197 4042 258 4098 350.
