2642 4242
594 245 817 348 428-

160 442 331 524 'Arriaous
355 460 443 526 illum
468 463 703 528 semcl‘testem
731 462 869 548 citatssl)
917 460 1040 545 Quibus
1065 485 1104 527 ex
1127 461 1234 526 causis

172 567 277 649 colligi
300 575 407 650 potest
430 568 607 634 Arrianum
635 571 711 635 inde
742 569 889 653 acapite
914 571 1027 634 XXII
1061 592 1164 652 usque
1197 569 1236 632 ad

171 675 266 739 finem
289 675 361 739 libri
375 673 429 744 IV
444 677 668 742 Ptolemaeum
685 677 798 741 ducem
814 684 958 741 secutum
980 698 1059 750 esse,
1093 675 1159 742 Sed
1176 676 1235 739 hac

170 803 205 846 rc
229 782 316 846 nullo
341 783 436 848 modo
453 768 697 868 comprobatum
719 791 768 849 cst
785 784 959 849 Arrianom
977 785 1085 849 omnia
1102 805 1142 849 cx
1157 782 1235 846 Pto·

170 889 306 954 lemaeo
327 889 481 954 hausisse.
543 891 639 975 Quod
670 913 766 975 porro
800 872 916 956 attinet
948 891 990 956 ad
1026 891 1114 955 locos
1146 888 1234 974 apud

170 995 347 1072 Arriauum
370 998 417 1070 II,
442 998 494 1080 22,
514 1005 548 1080 7;
574 1000 618 1070 ΙΙ,
645 1005 697 1081 23,
716 1004 752 1080 43
778 1001 838 1071 IV.
864 1004 954 1081 26,ss
979 999 1049 1082 quis
1074 1004 1132 1075 est,
1158 996 1235 1079 quiu

171 1105 329 1190 intelligat
352 1095 410 1170 lios
434 1106 520 1171 locos
545 1109 660 1172 mirum
684 1108 716 1170 iu
740 1102 870 1172 modum
892 1128 1079 1189 congruere,
1112 1104 1233 1188 Quibus

170 1213 266 1276 rebus
299 1215 450 1297 expositis
481 1215 513 1278 in
546 1215 702 1299 capitibus
727 1214 980 1280 XXI-XXII
1008 1213 1232 1300 Ptolemaeum

170 1321 291 1386 fontem
310 1323 437 1386 Arriani
460 1323 551 1388 nobis
576 1323 782 1406 statuendum
808 1331 864 1388 est.
898 1323 949 1387 De
973 1323 1078 1406 capite
1107 1318 1234 1386 XXIV

171 1437 257 1494 certe
280 1430 414 1496 iudicari
439 1451 502 1495 non
526 1437 641 1515 potest.
920 1432 923 1439 ’

393 1716 478 1822 §a
535 1719 584 1800 De
613 1717 742 1800 curtio
771 1720 811 1799 et
841 1719 1011 1800 Diodoro.
1062 1828 1064 1831 Ι

263 1897 313 1964 Ad
337 1897 473 1962 eundem
501 1897 623 1962 fontem
655 1918 693 1960 ac
716 1895 898 1960 Diodorum
930 1903 1078 1980 spectant
1107 1895 1140 1960 hi
1170 1895 1229 1959 loci

170 2005 257 2090 apud
281 2004 445 2070 Curtium:
906 2001 910 2008 ’

242 2131 269 2199 1)
289 2130 365 2188 Ourt.
379 2131 431 2185 IV.
445 2132 489 2198 25
502 2130 566 2184 Non
579 2133 673 2184 tenuit
800 2129 883 2184 Diod.
907 2128 1004 2185 XVII.
1027 2133 1070 2197 40,
1088 2130 1118 2185 3;
1141 2129 1187 2181 roi·
1207 2126 1228 2178 δ’

171 2208 240 2276 iram
270 2263 275 2274 .
297 2262 302 2274 .
324 2262 329 2274 .
358 2225 407 2274 aut
434 2221 604 2274 intraturum
630 2239 673 2274 me
727 2215 897 2287 Ἀλεξάνδρου
933 2217 1052 2284 χαλεπῶς
1085 2218 1230 2286 ἐνεγκόντος

171 2313 267 2366 urbem
288 2315 336 2365 aut
355 2313 589 2380 oppugnaturum.
730 2307 968 2375 διαπειλησαμένου
999 2306 1155 2375 πολεμήσειν
1182 2306 1229 2374 τὴν

729 2396 815 2450 πόλιν,

258 2508 314 2574 Ad
338 2507 419 2573 haec
442 2507 588 2572 conferas
613 2509 709 2572 etiam
733 2509 893 2572 lustinum
916 2510 981 2573 XI.
1010 2515 1059 2591 10,
1086 2514 1140 2575 12:
1164 2508 1229 2593 „ita

171 2619 299 2700 exarsit,
327 2625 362 2682 ut
385 2617 457 2682 urbi
481 2615 639 2681 excidium
663 2617 872 2688 minareturf‘

242 2727 269 2790 2)
290 2723 366 2779 Curi.
380 2724 432 2778 IV.
447 2728 488 2791 2,7
508 2727 547 2777 At
560 2725 602 2781 illi
613 2725 675 2776 loeo
800 2723 882 2777 Diod.
895 2727 938 2791 40,
950 2726 979 2778 3:
993 2721 1021 2774 oi
1031 2724 1120 2792 Timor
1132 2725 1227 2789 τεθαρ-

170 2814 293 2867 satisfisi
307 2813 566 2867 obsidionemscrre
580 2814 674 2866 decre·
729 2811 845 2878 ρηκότως
868 2812 1000 2879 ἐπέμενον
1023 2812 1072 2880 τὴν
1099 2812 1227 2880 πολιορκί-

170 2909 277 2957 verant.
309 2901 436 2970 Namque
458 2903 556 2954 urbem
576 2920 591 2953 a
610 2919 674 2954 con·
730 2922 763 2952 αν
794 2899 850 2968 ἅμα
882 2901 909 2953 δὲ
940 2907 985 2953 καὶ
1015 2903 1181 2957 πιστεύοντες
1197 2900 1227 2972 τῇ

170 2993 271 3045 tinenti
296 2997 428 3059 qirattuor
448 2992 601 3044 stadiorum
622 2991 675 3042 fre·
730 2989 867 3058 ὀχυρότητι
891 2991 936 3057 τῆς
958 2992 1037 3057 ricco
1059 2998 1104 3043 καὶ
1128 2994 1186 3046 ταῖς
1202 2989 1228 3041 ἐν

169 3085 229 3134 tum
248 3081 358 3135 dividit.
731 3079 799 3152 aiij}
816 3084 1001 3150 παρασκευαῖς.
1027 3085 1071 3149 40,
1090 3082 1119 3136 4:
1139 3073 1182 3133 did
1200 3077 1227 3129 τὸ

730 3173 853 3238 τέτταρσι
871 3168 987 3223 σταδίοιο
1005 3168 1166 3240 διείργεσθαι
1186 3168 1228 3233 τῆς

732 3258 847 3327 ἠπείρου.

241 3353 268 3418 3)
302 3352 362 3418 all
398 3351 477 3404 brevi
506 3351 675 3421 Carthagine
800 3352 843 3417 40,
863 3353 891 3403 3;
911 3349 950 3400 ἔτι
969 3348 997 3401 δὲ
1016 3352 1070 3403 τοῖς
1091 3348 1227 3418 ἀπογόνοις

170 3442 274 3494 auxilia
293 3445 419 3493 Ventura.
730 3438 817 3489 αὐτῶν
836 3436 1033 3506 Καρχηδονίων.

144 3627 147 3635 ,
170 3623 381 3631 m——u-

240 3727 273 3796 67)
293 3726 469 3780 Ptolemaeus
489 3728 562 3780 enim
586 3728 615 3779 iu
635 3745 657 3781 ο.
676 3725 748 3779 XXI
765 3727 833 3778 libri
852 3725 904 3780 IV.
923 3726 1016 3792 semel,
1041 3725 1070 3776 iu
1090 3741 1114 3779 ο.
1132 3721 1227 3776 XXIV

170 3818 268 3884 sexies,
296 3817 326 3869 in
346 3834 369 3872 c.
387 3815 472 3869 XXV
500 3817 542 3869 bis
561 3816 723 3869 nominatur
741 3819 824 3884 atque
848 3816 934 3870 semel
963 3815 1066 3870 citatur
1095 3816 1175 3869 testis
1202 3813 1225 3867 iu

170 3923 192 3960 c.
212 3904 313 3961 XXIX
331 3907 427 3962 novics
447 3909 688 3992 commemoratur.
