2642 4242
542 154 719 211 ..29-

60 339 112 403 iis
137 337 228 403 enim
244 336 459 418 temporibus
475 334 644 399 Daesium
661 351 741 398 cum
753 333 988 414 Thargelione
1004 352 1084 398 esse
1100 352 1191 399 com·

60 463 231 534 paratum
254 454 340 517 satis
365 461 502 517 constat
526 452 625 535 (Plut.
651 451 707 514 Al.
736 452 785 529 16,
810 450 906 529 Cam.
936 451 984 514 19.
1009 450 1065 513 Al.
1090 452 1133 533 3).

181 569 291 633 Simili
314 569 418 633 modo
430 568 670 649 Lampridium
687 585 828 631 menses
844 568 1107 631 commiscuisse
1121 568 1189 630 exi·

62 687 182 750 stirn0.
217 686 278 775 qui
306 686 555 765 imperatorem
578 684 821 747 Alexandrum
850 684 1022 748 Severum
1057 701 1099 746 eo
1135 683 1191 746 die

61 811 190 866 natum
214 819 292 865 esse
319 802 487 880 narravit,
512 818 581 880 quo
606 800 791 863 defunctus
815 809 909 864 esset
932 800 1083 880 Magnus
1105 800 1190 867 vita.

63 918 137 1001 (Al.
151 921 181 997 5,
195 917 225 981 2.
254 917 303 995 13,
321 917 346 979 l.
361 936 394 979 v,
408 916 524 981 Wirth
548 916 773 996 quaestiones
785 915 999 979 Seuerianae
1011 934 1043 996 p.
1058 917 1110 979 41.
1125 916 1191 997 42.)

62 1033 212 1097 tradidit
234 1033 388 1097 Iustinus
412 1032 608 1096 decessisse
632 1031 876 1095 Alexandrum
903 1050 1014 1096 annos
1048 1041 1121 1095 tres
1156 1040 1192 1094 et

62 1151 213 1235 triginta
240 1159 369 1213 natum.
407 1149 552 1213 totidem
580 1148 723 1212 ascribit
751 1149 828 1229 regi
856 1166 967 1211 annos
991 1148 1098 1214 Iulius
1121 1148 1191 1211 Va-

63 1267 176 1329 lerius
200 1266 337 1349 (11135).
378 1242 471 1328 hunc
493 1283 678 1328 numerum
702 1266 746 1328 ob
771 1283 849 1328 earn
873 1282 1017 1328 causam
1041 1265 1191 1344 appella-

63 1392 143 1445 tum
167 1400 246 1445 esse
262 1382 433 1462 equidem
456 1382 606 1444 arbitror
630 1390 669 1444 ut
692 1382 905 1444 tribueretur
920 1380 1125 1445 Alexandro
1148 1398 1192 1443 ea

64 1507 178 1577 actas
214 1515 319 1579 quam
342 1507 468 1561 natura
486 1498 690 1563 hominibus
713 1515 793 1560 esse
817 1496 1028 1560 destinatam
1050 1504 1192 1559 veteres

64 1615 310 1695 opinabantur.
347 1632 417 1677 uno
453 1614 545 1677 enim
580 1615 700 1677 seculo
735 1622 808 1676 tres
841 1613 1022 1675 hominum
1055 1621 1191 1676 aetates

64 1730 240 1793 contineri
263 1731 404 1809 scripsit
418 1730 619 1793 Herodotus
643 1730 784 1812 (ΙΙΙ42);
809 1730 910 1796 καίτοι
932 1732 1112 1810 τριηκόσιαι
1135 1732 1192 1810 μὲν

62 1848 198 1927 ἀνδρῶν
220 1850 326 1925 γενεαὶ
350 1848 499 1913 δυνέαται
523 1847 617 1926 μύρια
640 1846 731 1911 ἔτεα·
746 1850 852 1925 γενεαὶ
875 1848 937 1927 γὰρ
958 1851 1045 1927 τρεῖς
1060 1846 1190 1926 ἀνδρῶν

62 1966 183 2030 ἑκατὸν
212 1964 285 2029 ἔτεά
308 1965 404 2029 ἐστιν.
444 1961 568 2025 eadem
597 1961 639 2023 de
669 1979 779 2025 causa
801 1961 972 2025 Aelianus
995 1960 1190 2024 Alexandri

64 2088 185 2143 ortum
213 2087 248 2142 et
275 2087 424 2141 mortem
451 2078 487 2141 in
516 2078 639 2141 eodem
667 2079 723 2141 die
746 2078 908 2159 posuisse
931 2077 1016 2141 mihi
1038 2076 1187 2141 videtur.

175 2195 229 2259 De
254 2194 432 2259 codicibus
456 2194 605 2275 denique
628 2193 1005 2258 Pseudo-Callisthenis
1027 2194 1094 2257 hoc
1120 2210 1190 2257 me-

59 2320 204 2375 moratu
233 2312 378 2393 dignum
411 2319 505 2391 puto.
548 2310 702 2373 maxima
735 2310 920 2374 intercedit
955 2310 1190 2390 discrepantia

60 2444 308 2509 numerorum;
333 2426 596 2508 antiquissimus
613 2428 707 2489 enim
730 2427 843 2491 codex
854 2425 898 2505 A,
924 2443 993 2506 quo
1008 2434 1104 2489 recte
1125 2424 1190 2488 fuit
1242 2455 1245 2461 ⁴

60 2543 285 2624 significatus
320 2544 395 2607 dies
430 2560 615 2623 supremus
643 2542 838 2606 Alexandri
872 2543 909 2605 in
943 2542 1189 2605 enumerandis

60 2660 163 2741 regis
188 2660 288 2723 annis
312 2660 362 2723 ita
385 2659 506 2721 scribit
530 2658 587 2742 (ΙΙΙ
600 2660 671 2741 3511
696 2661 812 2741 ἐβίωσε
835 2661 893 2740 μὲν
909 2658 969 2724 οὖν
981 2659 1189 2739 Ἀλέξανδρος

61 2778 123 2858 ἔτη
146 2778 181 2855 l',
205 2776 270 2843 ἀπὸ
294 2778 329 2842 ιε’
354 2779 436 2842 ἐτῶν
460 2776 636 2857 ἀρξάμενος
660 2781 813 2855 πολεμεῖν
836 2751 1036 2856 ἐπολέμησεν
1059 2775 1113 2854 ἔτη
1143 2776 1191 2843 ιζ’.

63 2896 158 2974 μέχρι
181 2895 209 2958 κ’
233 2894 398 2973 γεγένηται
423 2945 430 2958 .
453 2946 459 2957 .
484 2944 491 2959 .
514 2894 553 2958 τὰ
576 2894 612 2958 δὲ
635 2892 719 2959 ἄλλα
741 2892 777 2958 ἔν
805 2893 915 2977 εἰρήνῃ
944 2893 996 2958 καὶ
1024 2890 1192 2975 ἀμεριμνίᾳ

62 3012 117 3075 καὶ
142 3009 329 3095 εὐφροσύνῃ
354 3010 475 3089 ἔζησεν.
511 3008 556 3071 ad
577 3008 765 3074 veritatem
786 3007 930 3071 adducti
953 3014 1034 3070 sunt
1050 3005 1190 3069 codices

61 3124 282 3188 recentiores
308 3123 409 3204 LBC,
451 3125 577 3205 quibus
611 3124 762 3206 legimus
784 3122 1029 3187 Alexandrum
1056 3119 1190 3186 vixisse

63 3258 179 3305 annos
208 3240 353 3321 triginta
386 3239 484 3320 duos
519 3256 670 3321 regnum
704 3241 884 3321 accepisse
919 3258 1031 3303 annos
1064 3238 1191 3319 viginti

62 3365 204 3437 natum„
222 3356 415 3420 obtinuisse
438 3356 622 3437 imperium
644 3374 708 3437 per
731 3374 843 3420 annos
867 3355 1059 3419 duodecim.
1094 3330 1098 3339 ¹

175 3472 337 3537 Aliorum
370 3480 532 3537 veterum
567 3472 778 3553 scriptorum
812 3472 1020 3553 testimonia,
1062 3470 1189 3553 quibus

64 3588 235 3653 illustrari
263 3590 375 3669 possit
403 3588 598 3653 Alexandri
620 3588 742 3670 Magni
769 3588 864 3652 vitae
893 3596 1032 3670 tempus
1060 3586 1190 3651 tradita

66 3724 140 3769 non
163 3705 343 3771 habemus
