2642 4242
554 341 772 407 —35‘-

116 521 238 589 Curtio
267 520 459 586 dissentiunt
483 525 515 583 et
540 519 582 582 ad
614 522 826 601 posteriorem
850 543 918 586 rem
942 520 1113 604 pertinent.
1161 519 1198 589 Si

116 654 200 695 vero
226 630 373 695 Curtium
392 628 452 693 IV.
479 632 508 708 3,
534 632 619 689 6·7
646 634 677 691 ot
694 628 875 693 Diodorum
899 634 952 711 ln,
979 631 1192 712 5perlustras

117 740 265 803 invenies
298 739 372 801 hau⁴
392 737 424 798 in
454 756 489 796 re
514 754 577 814 quo
603 734 697 799 modo
723 734 853 799 Curtius
878 736 998 801 fontem
1024 740 1199 803 mutaverit

120 855 225 928 atque
257 847 353 910 rebus
387 866 425 907 ex
464 842 596 906 diversis
639 843 784 908 lontibus
825 866 890 908 suo
918 844 990 911 looo
1031 869 1107 911 usus
1147 848 1197 917 sit.

121 952 208 1017 Cum
244 954 328 1015 erum
359 950 579 1036 narrationem
612 950 652 1014 de
686 952 758 1013 uari
790 950 944 1025 bitumine
977 974 1014 1015 ao
1044 953 1198 1036 sulphure

117 1060 225 1141 illita,
268 1082 365 1141 quam
409 1078 508 1139 supra
557 1058 891 1140 commemoravimuS,
934 1081 983 1141 ex!
1006 1059 1197 1127 Aristobulo

118 1168 278 1248 hauriret,
308 1166 374 1230 hoo
402 1165 473 1228 loco
505 1164 547 1228 ad
581 1164 703 1229 fontem
727 1165 865 1229 Diodori
898 1168 1035 1231 transiit.
1083 1168 1198 1250 Neque

120 1275 209 1338 enim
234 1273 381 1337 incendio
406 1272 508 1335 solum
534 1294 612 1353 opus
629 1272 845 1337 Macedonum
865 1273 1010 1355 diruitur,
1037 1275 1092 1338 sed
1114 1276 1198 1341 sorte

126 1382 244 1446 eodem
269 1381 320 1444 die
344 1379 562 1443 vehementior
594 1386 708 1444 reulus
734 1386 837 1444 totum
863 1403 900 1443 ex
924 1380 1084 1471 profundo
1109 1404 1198 1447 mare

121 1490 216 1553 illisit
248 1491 279 1552 iu
313 1488 439 1576 molem.
498 1485 644 1569 Quode
677 1488 763 1553 sarelo
798 1510 818 1551 a
840 1488 986 1552 Diodoro
1019 1496 1050 1553 et
1085 1489 1197 1554 Curtio

121 1602 338 1677 congruenter
371 1594 503 1675 trudito²
529 1602 704 1677 propterea
735 1594 821 1677 quod
846 1594 1006 1659 Arrianus
1030 1604 1126 1678 tacet,
1161 1620 1199 1661 ex

122 1725 200 1769 ntea
223 1686 382 1767 sententia
405 1702 496 1766 nullo
521 1702 617 1765 modo
643 1702 785 1767 dubitari
807 1710 923 1785 potest,
964 1704 1005 1767 In
1026 1702 1089 1767 fiue
1105 1704 1197 1769 huius

121 1811 323 1877 narrationis
348 1807 481 1872 Curtius
507 1809 581 1894 (IV.
608 1815 637 1889 3,
666 1808 695 1893 7)
722 1816 758 1873 ut
780 1810 887 1873 facero
904 1809 995 1892 solet,
1021 1810 1102 1875 liaeo
1127 1834 1198 1876 oum

123 1919 232 1981 animo
267 1933 326 1980 suo
357 1918 497 1997 cogitat:
533 1915 616 1997 „hia
651 1916 738 1997 quod
771 1917 802 1979 iu
831 1917 972 1981 adversis
996 1918 1092 1982 rebus
1117 1919 1199 1984 solet

123 2024 208 2106 fieri,
233 2024 313 2087 alius
337 2025 370 2087 in
394 2024 491 2087 alium
516 2024 642 2106 culpam
667 2024 837 2107 referebat,
864 2043 942 2089 oum
960 2048 1068 2091 omues
1093 2029 1198 2091 verius

100 2132 167 2195 'de
191 2132 315 2200 saevita
339 2132 438 2195 maris
464 2132 554 2213 queri
577 2135 742 2213 possent,“
1185 2162 1187 2187 ι

214 2238 266 2301 De
289 2239 374 2302 molo
398 2220 599 2303 restituenda
621 2239 766 2319 referunt
783 2240 913 2305 Curtius
930 2242 989 2311 IV,
1018 2248 1046 2324 3,
1073 2248 1092 2305 8
1117 2265 1196 2325 sqq,

121 2345 292 2412 Diodorus
326 2350 379 2427 42,
417 2354 435 2410 6
468 2345 627 2409 Arriarms
652 2347 700 2417 ΙΙ,
728 2352 777 2429 19,
813 2354 841 2411 6.
890 2347 1020 2413 Curtius
1052 2348 1198 2413 fontibus

126 2460 162 2549 et
183 2451 318 2519 Arriani
342 2460 375 2517 et
394 2452 564 2516 ‘Diodorus
588 2453 715 2517 uidetur
740 2477 815 2519 usus
841 2476 909 2519 esse
934 2462 1031 2538 atque
1054 2457 1138 2519 iuter
1162 2478 1198 2520 se

122 2561 335 2624 coniunxisse.
401 2560 518 2642 Neque
558 2561 661 2624 minus
687 2570 809 2625 eertum
851 2562 928 2626 inihi
967 2572 1015 2627 est
1050 2563 1197 2627 Curtium

121 2671 247 2733 fontem
271 2668 411 2733 Diodori
447 2689 518 2731 cum
551 2669 647 2732 tertio
681 2692 737 2733 auo
765 2670 854 2733 fonto
888 2672 1098 2735 coniunxisse.
1147 2672 1199 2735 Ex

123 2778 188 2841 hoo
211 2778 307 2841 tertio
331 2778 422 2840 fonte
446 2774 599 2839 haustum
616 2797 685 2839 esse
703 2776 828 2841 videtur
843 2778 932 2859 illud
959 2778 1046 2860 quod
1064 2776 1196 2842 Cautius

121 2884 186 2953 IV.
212 2888 242 2967 3,
263 2888 283 2949 8
311 2891 435 2953 uariat:
459 2883 576 2947 molem
599 2892 690 2947 recta
713 2885 818 2949 fronte
839 2887 873 2949 in
898 2886 1048 2974 adorsum
1068 2893 1197 2950 ventum

122 2991 281 3055 directam
315 3013 383 3055 esse
419 2998 451 3054 et
483 2990 685 3055 latitudinem
717 3014 844 3079 quoque
876 2994 986 3075 aggeri
1008 3015 1115 3074 regem
1145 2992 1198 3057 ad-

120 3099 252 3181 iecisse,
289 3107 325 3163 ut
356 3109 461 3163 turres
494 3099 524 3161 iu
559 3098 664 3163 medio
694 3102 852 3165 excitatae
882 3101 995 3183 prooul
1030 3102 1085 3166 teli
1108 3101 1197 3165 iactu

120 3208 283 3287 abessent,
309 3229 382 3270 oum
406 3227 444 3269 ex
459 3205 599 3272 Diodori
622 3206 712 3271 fonte
726 3207 766 3293 τ0)
793 3208 923 3273 Curtius
940 3209 1019 3273 lmeo
1036 3208 1196 3273 hauserit:

122 3322 233 3398 „totas
268 3321 376 3379 autern
410 3314 541 3377 arbores
574 3336 645 3377 oum
678 3316 859 3397 ingentibus
892 3319 990 3381 ramis
1032 3318 1064 3380 iu
1097 3317 1197 3381 altum

119 3420 304 3506 iaciebant3
329 3422 385 3487 sed
410 3422 534 3504 reliqua
557 3423 589 3484 iu
613 3421 653 3508 ἐξ
678 3427 697 3488 <d
723 3430 755 3487 et
780 3427 881 3488 illex
905 3424 1000 3489 tertio
1027 3445 1083 3488 suo
1107 3424 1198 3492 fonte

121 3531 301 3612 exscripsit,
343 3531 383 3594 In
409 3533 427 3612 ξ
455 3535 492 3594 ll
519 3552 590 3593 cum
615 3532 734 3595 verbis:
761 3554 878 3615 „aegro
896 3532 991 3596 animi
1008 3532 1197 3597 Alexandro

119 3660 193 3720 neo,
225 3644 448 3731 perseveraret
481 3660 521 3702 an
554 3638 667 3722 abiret,
693 3642 770 3703 satis
796 3644 906 3707 oerto“
931 3639 1060 3706 (lortius
1084 3660 1197 3705 rursus

197 3887 230 3957 τ0)
251 3890 286 3943 cf.
316 3888 399 3943 Diod.
419 3887 517 3945 XVH.
541 3892 589 3961 42,
615 3896 642 3946 6:
670 3889 838 3964 ὑπερμεγέθη
863 3886 956 3960 illidunt
982 3928 1126 3941 ......
1153 3892 1197 3942 καὶ

121 3979 177 4035 σι’-ι·
198 3979 287 4037 nimir
306 3978 411 4037 κλάδοις
429 3980 550 4051 ἐγχώσας.

1001 4052 1038 4111 ὅ*
