2642 4242
514 304 817 364 —-—17-‘

72 480 151 555 tur,
177 473 233 538 sed
257 476 314 539 tali
339 475 445 547 modo.
470 483 594 542 utnon
619 477 765 544 absolute
789 486 925 564 uterque
946 488 1060 546 auctor
1083 505 1156 547 con·

72 582 214 662 sentiat,
228 604 307 664 quos
319 584 407 650 locos
419 585 514 648 certis
525 585 629 648 causis
640 584 914 651 adAristobulum
924 589 1155 661 revocabimus,

73 689 171 754 Sunt
195 688 226 752 hi
251 689 322 772 loci,
349 713 486 773 qirorum
510 693 606 756 etiam
623 692 789 758 Broeclrer
805 694 1000 760 mentionem
1016 695 1100 767 lecit.
1112 697 1155 782 33)

76 801 226 864 Arriano
258 803 390 864 auctore
414 797 602 862 Alexander
626 798 747 865 Sidone
775 808 833 884 est,
859 824 922 883 quo
955 802 1066 867 elassis
1089 803 1156 868 fere

74 907 153 968 224
178 904 304 968 navimn
329 905 467 974 advenit.
482 905 523 991 ’33)
564 904 656 990 (Αιι,
681 906 730 977 Π.
755 912 807 989 10,
836 912 919 972 1-9
938 918 970 972 θῖ
987 906 1078 981 Cart.
1094 910 1155 982 IV.

74 1016 113 1092 3,
155 1013 310 1097 11-12).
364 1011 428 1077 Sed
463 1035 534 1076 cnm
566 1012 727 1077 Arrianus
761 1013 858 1098 paulo
892 1020 965 1079 ante
998 1022 1155 1096 narasset,

78 1117 272 1183 Alexandro
305 1120 367 1202 ipsi
403 1141 531 1201 qrroqne
565 1120 689 1202 aliquot
719 1143 816 1185 naves
840 1121 937 1185 fuisse
961 1123 1030 1187 inre
1054 1124 1156 1187 omnis

75 1228 155 1288 eins
189 1225 298 1292 classis
324 1232 387 1289 250
412 1228 539 1290 navium
563 1228 763 1292 numeranda
787 1228 856 1309 erit,
881 1237 917 1292 ut
940 1227 1155 1314 Thirlwallffl)

76 1353 216 1415 quoque
241 1339 273 1397 θῖ
295 1332 496 1420 Droyse1141)
522 1335 644 1416 opinati
668 1342 754 1406 sunt.
800 1334 921 1400 Sidone
943 1356 1001 1399 rex
1023 1334 1056 1398 in
1071 1333 1157 1398 Ara·

76 1439 174 1503 biam
199 1440 374 1504 contendit.
414 1442 536 1506 Decem
561 1441 684 1505 dierum
708 1442 813 1525 spatio
835 1441 989 1507 Sidonem
1011 1464 1157 1506 reversus

80 1553 148 1628 est,
182 1547 236 1622 nbi
260 1531 454 1612 Cleandrum
490 1571 528 1612 ex
556 1548 784 1632 Peloponneso
817 1551 996 1615 venientem
1029 1557 1061 1615 et
1085 1573 1156 1614 cum

78 1677 123 1718 eo
172 1652 373 1720 Graecorum
411 1660 683 1720 mercenariorum
717 1656 770 1725 IV
807 1657 895 1721 milia
933 1656 1157 1741 deprehendit,

78 1759 189 1844 Apud
221 1761 371 1826 Curtium
400 1762 462 1828 hoc
494 1763 670 1828 subsidium
704 1772 736 1828 et
769 1764 908 1829 adventu
940 1763 1092 1829 Cleandri
1126 1773 1159 1829 et

79 1869 191 1932 classe
214 1867 322 1953 Cypro
347 1869 537 1935 adveniente
561 1872 625 1935 alia
648 1872 815 1936 occasione
832 1873 979 1945 mittitur,
1027 1872 1157 1938 Curtius

79 1997 256 2040 numerum
290 1976 491 2042 Graecorum
530 1979 801 2043 mercenariorum
824 2001 889 2044 non
919 1986 1156 2062 commemorat,

80 2083 224 2148 classem
256 2091 366 2150 autern
393 2077 465 2151 Ι190
490 2087 617 2150 navium
648 2086 747 2151 luisse
771 2087 825 2152 ait.
836 2086 879 2173 43)
926 2086 979 2150 De
1001 2088 1158 2152 instructa

82 2191 158 2255 acie
181 2189 343 2256 Arrianus
375 2193 556 2256 accuratius
587 2193 698 2276 refert,
728 2193 785 2258 sed
810 2192 941 2258 Curtius
965 2217 1094 2280 quoque
1118 2194 1158 2259 de

83 2298 205 2364 eadem
236 2321 271 2365 re
307 2322 413 2384 pauca
444 2300 530 2372 dicit,
570 2300 705 2380 Ambae
729 2302 940 2384 narrationes,
972 2309 1009 2367 ιιῖ
1033 2304 1156 2386 opinor,

83 2407 345 2489 coniungendae,
372 2407 515 2473 sednon
539 2431 578 2472 ex
601 2409 715 2474 eodem
738 2410 827 2475 fonte
849 2410 985 2475 haustae
1009 2417 1096 2492 sunt,
1121 2418 1158 2474 ιιῖ

82 2514 252 2579 Fraenlrel
284 2515 319 2601 (1,
344 2537 368 2585 ο,
393 2538 422 2598 1).
448 2515 526 2602 424)
560 2525 664 2599 putat,
703 2517 757 2601 qui
790 2539 844 2581 eas
868 2517 909 2581 ad
931 2517 1157 2583 Aristobnlum

83 2623 263 2694 revocavit,
311 2622 434 2688 Contra
465 2624 650 2689 Fraenkelii
685 2624 866 2708 opinionem
895 2644 933 2688 ea
956 2624 1158 2707 potissimum

83 2753 141 2796 res
166 2730 401 2796 afferendat
353 2740 411 2813 est,
438 2732 525 2815 quod
550 2730 640 2797 Curt
619 2740 680 2797 tius
704 2731 974 2796 mercenariorum
990 2753 1157 2796 numerum
1221 2727 1226 2735 ’

84 2859 155 2901 non
179 2846 419 2920 commemorat,
455 2839 551 2924 quod,
583 2847 620 2904 ut
606 2840 758 2904 tfacere
791 2839 881 2920 solet,
859 2846 992 2904 tcerte
962 2838 1156 2921 tdixisset,

86 2945 115 3010 si
142 2945 175 3008 in
198 2945 288 3010 fonte
314 2968 371 3010 suo
390 2969 557 3011 numerum
573 2949 845 3014 mercenariorum
860 2948 1040 3012 invenisset.
1074 2946 1158 3010 Tum

86 3059 200 3117 autem
240 3055 369 3118 navium
408 3077 558 3119 numerus
599 3055 640 3119 ab
675 3056 818 3120 Arriano
851 3054 1038 3139 discrepans
1070 3053 1158 3139 apud

86 3161 239 3227 Curtium
272 3184 343 3226 cum
367 3162 540 3227 Fraenkeli
574 3165 734 3228 sententia
757 3161 845 3228 nullo
868 3162 964 3228 modo
989 3162 1157 3228 consentit.

161 3327 265 3462 33)
216 3391 406 3448 Broecker:
426 3394 445 3449 l
465 3414 487 3449 c.
508 3413 534 3463 p.
555 3399 660 3450 aeta

161 3483 195 3552 33)
216 3483 250 3536 cl.
271 3484 371 3537 Curt'
345 3488 416 3537 trus
436 3487 482 3540 ed
503 3484 639 3555 Vogelp.
661 3488 712 3540 100
732 3507 758 3540 ιι.
780 3489 821 3541 11.

162 3572 197 3640 33)
218 3573 316 3626 'Phirl
322 3576 418 3628 wall:
441 3575 559 3644 History
579 3577 610 3629 ol’
626 3576 732 3630 Graece
751 3578 805 3630 vol.
825 3575 914 3645 le.
934 3575 994 3628 199.

161 3662 387 3733 ⁴¹)Dr0yseu:
408 3665 508 3718 (lesch
528 3666 555 3718 d.
574 3665 686 3718 Hellen.
706 3664 776 3719 113.
796 3666 856 3718 288.

163 3749 196 3821 ⁴2)
217 3751 354 3806 Namerus
383 3757 431 3808 190
456 3754 626 3809 invenitur
619 3773 647 3806 in
678 3755 740 3809 edd.
761 3756 852 3809 Curtii
880 3756 955 3823 apud
978 3754 1106 3809 Hedicke
1129 3759 1159 3808 et

88 3841 197 3912 Vogel3
231 3841 369 3897 Muctzell
398 3844 483 3898 habet
514 3863 661 3898 numerum
689 3845 750 3914 180,
783 3863 866 3913 quem
892 3844 1021 3913 Droysen
1048 3863 1158 3914 quoque

88 3933 223 4003 suscepit.

945 4007 963 4059 2
