2642 4242
535 190 711 245 ..17-

56 366 236 446 quomodo
271 367 424 444 morbus
461 384 530 447 quo
564 385 628 429 rex
658 376 886 448 consumptus
916 377 979 446 est,
1014 369 1184 448 paulatim

56 483 251 545 increverit
280 482 401 545 ordine
430 492 583 546 narrant.
609 484 702 545 diem
730 501 933 564 supremum
961 484 1010 547 ita
1043 494 1181 549 notant:

56 599 162 681 (Plut.
180 619 212 662 v.
230 597 272 663 A.
292 599 345 679 76)
369 607 406 685 τῇ
431 602 466 665 δὲ
489 600 576 687 τρίτῃ
601 601 775 681 φθίνοντος
800 603 912 681 (μηνὸς
925 602 1077 683 Δαισίου)
1102 605 1184 682 πρὸς

55 718 170 794 δείλην
204 716 352 783 ἀπέθανε,
387 714 559 778 Arrianus
594 729 681 777 vero
716 715 777 796 qui
810 716 916 779 etiam
942 717 1184 797 ephemerides

56 832 107 895 ad
137 833 284 895 verbum
313 832 508 912 descriptas
543 831 702 895 servavit
726 830 804 913 (VII
842 832 894 895 25.
920 832 985 915 26),
1021 834 1184 914 quamvis

55 948 204 1011 uberius
227 964 303 1010 rem
326 947 541 1028 explicuerit,
567 947 659 1011 diem
681 947 913 1012 Macedonum
937 966 1034 1012 more
1060 958 1185 1012 notare

55 1063 227 1145 neglexit.

169 1178 226 1243 Ab
243 1178 448 1244 Aristobulo
471 1189 689 1261 postremum
704 1179 826 1243 Daesii
849 1181 980 1245 mensis
996 1181 1089 1244 diem
1105 1200 1185 1246 esse

57 1296 256 1360 exhibitum
279 1297 379 1359 testis
404 1305 458 1360 est
477 1296 687 1359 Plutarchus
712 1302 755 1378 (ν.
773 1295 816 1359 A.
843 1299 912 1379 75):
938 1298 1184 1379 Ἀριστόβουλος

58 1416 97 1479 δέ
128 1430 231 1493 φησιν
260 1414 360 1479 αὐτὸν
388 1415 587 1494 πυρέττοντα
616 1418 757 1493 μανικῶς
786 1416 972 1493 διψήσαντα
995 1416 1031 1479 δὲ
1055 1416 1186 1494 σφόδρα

57 1535 149 1595 πιεῖν
164 1529 263 1595 οἶνον.
287 1531 322 1595 ἐκ
336 1530 454 1595 τούτου
470 1532 506 1595 δὲ
527 1534 730 1610 φρενιτιᾶσαι
752 1532 804 1594 καὶ
831 1534 1020 1609 τελευτῆσαι
1042 1530 1186 1610 τριακάδι

57 1647 203 1711 Δαισίου
227 1646 336 1725 μηνός.
371 1645 546 1726 quomodo
574 1643 706 1707 factum
729 1652 834 1724 esset,
870 1652 908 1707 ut
935 1663 1007 1708 non
1036 1645 1186 1708 eundern

57 1761 156 1824 diem
179 1761 397 1841 appellarent
420 1761 663 1842 ephemerides
686 1769 721 1824 et
743 1759 980 1840 Aristobulus,
1005 1761 1185 1824 declarare

58 1886 210 1941 conatus
246 1885 301 1941 est
335 1876 500 1959 Ungerus
531 1877 627 1959 (Phil.
664 1874 820 1940 XXXIX
844 1877 930 1958 491).
967 1878 1107 1957 scripsit
1142 1878 1186 1939 de

58 1993 188 2057 eadem
221 2011 260 2056 re
284 1992 453 2075 Bilfinger
476 1992 561 2077 (Der
595 1992 818 2074 burgerliche
841 1992 919 2072 Tag
943 1992 997 2074 29)
1037 2010 1186 2073 quorum

57 2110 154 2174 infra
178 2110 371 2173 recensebo
395 2109 597 2174 sententias
625 2148 663 2157 —
689 2109 770 2191 Age
793 2126 886 2172 nunc
909 2108 980 2172 iam
996 2087 1186 2173 vicesimus

57 2236 211 2291 octavus
241 2219 298 2289 vel
327 2226 525 2290 tricesimus
554 2226 629 2289 dies
657 2224 780 2289 Daesii
814 2225 938 2288 eadem
972 2242 1042 2307 qua
1076 2243 1184 2306 supra

57 2351 185 2407 sextus
219 2343 284 2406 Loi
318 2349 540 2423 computatus
575 2350 629 2405 est
667 2342 803 2405 ratione
841 2341 1182 2421 circumscribantur,

56 2460 123 2541 qui
138 2460 169 2523 si
184 2459 324 2541 quidem
339 2459 399 2523 illo
415 2468 572 2538 tempore
588 2459 705 2521 nullus
721 2466 798 2521 erat
813 2458 995 2521 dissensus
1010 2458 1184 2523 mensium

55 2576 368 2640 Macedonicorum
391 2594 434 2639 ac
457 2575 561 2637 lunae
583 2574 853 2654 revolutionum,
884 2574 1078 2637 collocandi
1101 2582 1183 2637 sunt

55 2692 174 2757 tribus
207 2693 266 2756 vel
300 2709 370 2755 uno
406 2691 529 2756 diebus
559 2699 748 2772 antequam
775 2708 869 2754 nova
905 2689 1066 2771 apparuit
1100 2690 1184 2752 luna

54 2826 182 2873 mense
205 2807 303 2872 Iunio
328 2808 410 2871 anni
433 2807 507 2871 323.
533 2807 720 2870 coniuncta
736 2805 800 2869 fuit
811 2806 871 2868 illo
894 2824 987 2869 anno
1010 2806 1093 2871 luna
1117 2806 1183 2869 soli

54 2926 134 2990 Iun.
163 2926 224 3005 11„
237 2924 392 2988 secunda
415 2924 502 2987 hora
525 2924 705 2987 matutina.
730 2938 800 2985 uno
824 2902 891 2985 vel·
906 2922 1043 2985 duobus
1059 2921 1183 2985 diebus

54 3049 142 3124 post
175 3043 279 3105 lunae
314 3040 409 3105 orbis
444 3040 558 3105 denuo
593 3048 711 3119 potest
745 3038 901 3120 conspici
909 3042 941 3121 1).
988 3037 1108 3119 itaque
1147 3038 1183 3101 in

54 3159 134 3223 Iun.
157 3158 195 3220 13
225 3158 283 3221 vel
315 3158 356 3221 14
384 3156 548 3220 incidisse
577 3156 714 3219 initium
742 3155 896 3234 Panemi,
936 3155 996 3236 qui
1024 3154 1183 3236 sequitur

54 3274 272 3356 Daesiuma),
312 3272 536 3336 manifestum
571 3280 634 3352 est,
674 3272 767 3335 unde
802 3272 890 3335 situs
925 3271 994 3335 diei
1029 3270 1183 3351 supremi

160 3515 186 3583 1)
198 3520 274 3568 Haec
284 3517 442 3583 computavit
451 3515 744 3579 benigneSehoenfeld:
754 3513 808 3568 323
817 3531 842 3569 v.
848 3514 910 3566 Chr.
917 3514 1020 3565 wabrer
1025 3513 1182 3565 Neumond:

52 3616 120 3685 Juni
146 3615 189 3683 ll,
214 3613 231 3669 2
254 3615 313 3666 Uhr
337 3618 464 3680 Morgens
490 3614 617 3679 babylon.
642 3614 707 3665 Zeit.
756 3614 807 3664 Die
832 3612 1002 3664 Moudsichel
1027 3612 1097 3662 kann
1123 3612 1179 3662 also

55 3716 194 3766 sriihstens
212 3715 277 3781 Juni
290 3712 332 3774 12,
353 3730 393 3764 am
412 3713 522 3781 Abend,
541 3712 656 3763 sichtbar
674 3728 799 3777 geweren
817 3712 881 3763 sein.
1205 3692 1210 3699 ⁹

160 3812 186 3877 2)
214 3812 341 3877 Quamvis
371 3812 500 3863 haberent
526 3809 688 3863 Macedones
716 3810 864 3865 Alexandri
895 3808 1058 3875 temporibus
1086 3824 1182 3859 annum

56 3928 157 3977 vagum
176 3918 203 3962 et
224 3912 414 3976 imperfectum,
432 3916 521 3961 tamen
539 3910 572 3961 de
591 3910 684 3959 Daesii
702 3909 754 3959 situ
772 3909 835 3959 baec
854 3908 942 3957 dicere
960 3923 1181 3973 supervacaneum

56 4028 114 4062 non
132 4011 245 4062 videtur.
274 4016 384 4061 exeunte
401 4024 493 4060 mense
510 4008 599 4075 Aprili
618 4006 745 4062 anni334
763 4006 898 4058 transiisse
925 4021 1013 4069 regem
1041 4005 1069 4055 in
1087 4006 1183 4055 Asiam

57 4116 130 4161 reete
155 4109 349 4177 comparavisse
367 4109 534 4173 Droysenum
559 4106 624 4157 mihi
643 4107 699 4157 veri
721 4106 807 4156 simile
826 4112 867 4154 est
892 4102 935 4171 (G.
954 4108 989 4157 A.
1009 4106 1035 4157 d.
1055 4106 1099 4156 Gr.
1118 4101 1182 4172 356)
